3384 5142
342 417 462 474 XXVIII
509 416 730 474 PROOEMIVM
748 419 797 473 ΑΙ)
815 417 980 472 EVGIPPII
999 417 1118 473 VITAM
1135 417 1317 474 SEVERINL

341 592 457 658 333553
489 590 629 673 33553353.
683 591 890 656 Contrarium
924 593 1043 658 accidit
1074 592 1111 656 in
1142 591 1284 674 relrpuis.
1333 589 1483 658 Seumda

341 699 535 761 quamquam
557 677 643 760 loupe
657 681 807 759 praestat
829 679 944 744 tertiae
965 684 1175 760 quartaeque,
1197 684 1228 744 et
1248 680 1322 760 ipsa
1341 678 1482 760 pruritu

344 769 496 847 corrupto
526 769 664 828 estnon
693 769 759 829 tam
785 763 918 830 incuria
948 765 1153 831 librariorum
1180 785 1277 846 quam
1305 785 1385 829 eura
1407 785 1483 844 per·

342 872 441 916 uerso.
486 851 600 930 Ipsum
606 851 809 932 principium
830 852 867 916 in
886 873 925 916 ea
940 853 1098 933 reperitur
1112 857 1243 916 auctam
1258 854 1309 929 11,
1324 854 1346 913 4
1360 851 1485 915 3353333

343 937 407 1004 loco
429 958 469 1002 en
490 937 642 1018 Prosperi
667 937 824 1002 clroaieis
850 939 1029 1020 adsumpto.
1073 939 1119 1003 In
1138 938 1320 1002 nomindrus
1339 937 1486 1018 propriis

343 1025 384 1088 35
399 1024 562 1106 archetypi
577 1023 709 1088 librario
720 1028 846 1088 mutata
856 1030 935 1089 3335
944 1023 1094 1091 33335353
1105 1029 1135 1089 35
1146 1024 1301 1089 Tiburnio
1313 1023 1370 1105 (=
1386 1023 1485 1087 Teur-

343 1111 415 1194 nia)
431 1110 521 1191 fucta
533 1110 688 1196 Tigurnis
704 1147 744 1158 —
759 1109 988 1177 Ferderuohus
1002 1111 1111 1193 faetus
1123 1110 1318 1176 Frederious
1341 1147 1383 1157 -
1404 1108 1483 1174 Giso

344 1200 440 1280 (certe
453 1201 506 1272 47,
519 1196 570 1259 15.
593 1199 652 1270 21)
674 1195 762 1277 faeta
779 1194 859 1261 Gisa
886 1204 916 1262 et
938 1198 1066 1280 quidem
1086 1201 1267 1262 corntunter
1288 1203 1355 1261 torn
1376 1196 1413 1260 53
1433 1197 1484 1260 in-

344 1285 412 1348 dice
426 1283 568 1364 capitum
582 1303 679 1364 qnam
693 1283 730 1346 in
745 1283 818 1364 ipsa
831 1285 910 1350 oito.
948 1285 1004 1349 Ea
1017 1284 1086 1349 oito
1099 1289 1245 1365 eaeerpta
1259 1283 1486 1364 antrpuissima

343 1391 485 1452 quaeque
507 1374 536 1434 et
557 1369 677 1434 nostris
698 1369 859 1434 3335533533
881 1369 969 1453 lonpe
991 1371 1155 1435 anteriora
1176 1369 1280 1434 relata
1293 1369 1383 1450 apud
1396 1368 1484 1433 Ano

343 1477 474 1540 npmum
494 1454 700 1521 Valesianmn
722 1461 753 1519 et
772 1462 930 1537 postorum
953 1456 1177 1537 episcopalium
1199 1455 1486 1537 Neapolitanorum

345 1543 530 1624 semptorem
551 1547 582 1606 et
595 1542 633 1605 in
647 1541 698 1606 lois
712 1542 872 1607 uocabulis
885 1549 915 1608 et
929 1542 1009 1607 35555
1023 1544 1090 1627 (41,
1105 1547 1136 1606 4.
1158 1545 1258 1629 42,1)
1272 1546 1361 1606 stant
1375 1546 1486 1605 eontra

345 1628 477 1693 classem
503 1628 676 1692 secundam
706 1649 778 1693 oum
792 1631 914 1710 prima
959 1629 1016 1694 Ea
1040 1628 1208 1694 miraculis
1233 1649 1315 1710 quae
1343 1628 1381 1692 iu
1407 1625 1486 1692 lilro

344 1721 480 1780 extremo
514 1714 673 1796 551333.
705 1722 886 1780 narrantur
918 1715 1059 1780 mcuudo
1091 1715 1224 1779 sustulit
1253 1714 1427 1779 seeundum
1458 1717 1488 1777 et

345 1802 475 1866 tertium
489 1807 519 1866 et
532 1801 668 1865 indicem
684 1802 826 1883 capitum
839 1804 892 1881 10,
904 1804 947 1865 30
970 1802 1001 1867 35
1015 1802 1202 1866 5333355335
1215 1802 1347 1882 aptarit.
1385 1798 1487 1864 Deni-

344 1907 405 1970 que
426 1887 503 1952 aliis
525 1886 600 1952 loeis
619 1890 686 1970 (24,
699 1887 730 1955 5.
753 1891 804 1952 11.
827 1887 955 1971 43,15)
977 1893 1112 1970 apparet
1125 1888 1336 1971 Eupippiaua
1349 1906 1372 1949 a
1389 1885 1489 1950 ldmo-

344 1976 395 2040 rio
416 1975 583 2040 emendata
608 1995 673 2038 esse
693 1980 826 2058 propter
853 1976 1007 2040 sermonis
1034 1973 1267 2056 neplepentiam.
1315 1973 1488 2037 Praeterea

345 2083 419 2125 enm
439 2081 505 2126 non
529 2060 647 2142 paucis
674 2058 751 2125 loeis
779 2061 911 2126 mendae
936 2061 1049 2126 classis
1075 2061 1232 2125 secundae
1254 2059 1409 2125 tollantur
1429 2058 1487 2122 ad·

345 2147 580 2228 nonupnma
607 2149 689 2229 (1,o
716 2182 759 2195 -
785 2150 876 2225 3,1r
907 2185 949 2195 -
976 2146 1418 2226 4,o-11,5-24,1o
1449 2181 1489 2192 -

345 2236 457 2310 24,18
478 2270 521 2280 -
542 2231 654 2310 25,12
677 2269 717 2280 -
739 2232 851 2310 2513
875 2270 915 2281 -
938 2235 1027 2312 28,9
1051 2270 1091 2281 -
1113 2235 1227 2311 3123
1247 2269 1292 2280 -
1312 2234 1424 2310 3823
1448 2268 1491 2278 -

345 2322 498 2397 343-
522 2321 613 2396 343
640 2318 815 2397 -3534
840 2356 878 2366 -
902 2316 1489 2398 41,r-43‚9-51,2o-52,

357 2408 401 2470 26
423 2443 464 2453 -
488 2404 622 2484 58‚15),
647 2405 702 2468 oia
729 2404 790 2469 ulli
810 2408 1024 2489 reperiuntur,
1046 2406 1103 2470 355
1124 2405 1269 2470 lectiones
1289 2405 1326 2468 in
1348 2405 1493 2469 3333533

358 2491 470 2556 3533353
486 2492 613 2577 primae
635 2489 725 2555 libris
746 2491 955 2573 aequabiliter
975 2492 1115 2557 traditae
1127 2513 1190 2572 per
1203 2492 1376 2556 secundam
1390 2511 1491 2555 mnen-

358 2579 482 2643 deutur.
527 2577 751 2658 Eaeeptionem
765 2578 846 2659 facit
867 2579 1003 2658 fortasse
1016 2578 1202 2643 vocabulum
1216 2579 1273 2643 illa
1294 2577 1347 2656 45,
1364 2576 1383 2639 5
1399 2577 1493 2643 33353-

357 2686 429 2729 333
450 2665 487 2730 53
501 2666 614 2745 prima
629 2663 727 2728 classe
748 2670 779 2728 et
800 2669 960 2730 serratum
981 2665 1018 2729 in
1039 2665 1178 2729 secunda
1193 2666 1416 2746 confirmatum
1431 2683 1494 2744 per

358 2751 454 2816 535333
468 2751 680 2832 8353353333,
700 2749 920 2830 differentibus
941 2751 1015 2816 item
1037 2751 1189 2816 35333533
1210 2753 1305 2816 tertia
1325 2755 1355 2814 et
1375 2754 1494 2831 quarta

358 2837 414 2920 (ef.
426 2840 478 2916 38,
490 2839 536 2918 4).
570 2838 691 2902 Paucis
705 2837 749 2900 iis
762 2836 846 2915 locis,
861 2838 918 2902 355
932 2843 1043 2902 contra
1057 2836 1186 2902 classem
1194 2839 1337 2918 primam
1351 2841 1416 2900 stat
1429 2855 1495 2900 non

361 2924 501 2989 secunda
515 2922 591 3002 3353,
606 2924 661 2987 sed
675 2923 771 2987 etiam
786 2925 881 2988 tertia
896 2929 926 2988 et
940 2929 1066 3005 quarta,
1077 2929 1116 2989 ut
1129 2926 1180 3002 12,
1192 2928 1213 2987 7
1227 2924 1385 3010 inquinati
1399 2922 1496 2987 estin

330 3049 332 3052 .
356 3010 383 3091 Ι,
399 3011 541 3075 inclinati
558 3010 591 3073 in
606 3009 651 3074 II.
668 3009 733 3090 SR,
749 3015 858 3074 utram
872 3009 1033 3074 lectionem
1045 3011 1198 3092 sequaris,
1220 3009 1318 3074 libera
1332 3010 1416 3090 optio
1439 3013 1493 3074 cst.

447 3096 538 3178 Quod
564 3095 602 3160 de
628 3096 764 3160 seeundo
791 3096 945 3162 librorum
972 3097 1082 3162 ordine
1108 3097 1391 3161 demonstravimus
1423 3115 1495 3159 eum

357 3203 423 3256 uon
448 3185 619 3247 immunem
646 3203 711 3248 3333
739 3183 779 3247 35
807 3182 1063 3264 interpolatione,
1091 3183 1128 3247 id
1148 3184 1185 3248 in
1207 3185 1298 3247 tertio
1320 3187 1495 3262 quartoque

358 3269 622 3334 demonstratione
646 3289 712 3333 non
738 3269 868 3350 indipet.
920 3269 1076 3335 Videntur
1097 3271 1201 3334 redire
1227 3269 1272 3333 ad
1292 3269 1497 3351 archetypum

360 3376 521 3421 commune
542 3361 572 3420 et
593 3353 705 3418 elassis
724 3356 852 3436 quidem
872 3356 1037 3434 secundae,
1059 3356 1116 3420 sed
1136 3357 1194 3434 ita,
1216 3361 1255 3419 ut
1276 3377 1315 3420 33
1336 3355 1496 3419 omuibus

358 3441 469 3506 3533353
503 3442 572 3506 eius
608 3440 699 3506 535353
734 3440 825 3507 lodie
861 3443 946 3506 notis
982 3443 1198 3507 3333333533
1227 3441 1395 3522 plerosque
1429 3459 1495 3504 non

306 3527 312 3538 '
357 3527 505 3593 labuerit
531 3533 562 3592 et
588 3533 709 3592 statum
734 3533 945 3609 repraesentet
976 3529 1016 3593 35
1045 3530 1115 3593 3533
1143 3529 1267 3592 ordinis
1292 3528 1402 3591 naevis
1430 3546 1496 3590 non

357 3615 542 3693 immunem,
564 3615 620 3679 sed
640 3614 759 3679 nostris
780 3615 939 3678 33553533
961 3614 1048 3697 leupo
1069 3613 1234 3679 meliorem.
1278 3615 1370 3678 Inter
1384 3633 1496 3694 pauca

358 3701 480 3765 indicia
502 3699 708 3766 derivationis
730 3699 880 3765 classium
895 3701 917 3765 S
933 3706 963 3764 et
977 3700 1009 3766 R
1024 3723 1063 3766 33
1077 3701 1113 3764 Π
1128 3701 1273 3781 primum
1296 3699 1398 3764 locum
1413 3703 1496 3763 53335

358 3785 444 3851 53333
466 3787 723 3868 Perperene
744 3792 888 3868 receptus
914 3788 951 3851 iu
980 3787 1003 3852 S
1029 3792 1068 3852 ut
1092 3788 1130 3852 in
1155 3786 1191 3851 H
1213 3792 1243 3851 et
1263 3787 1357 3851 rerba
1387 3785 1438 3862 55,
1452 3787 1495 3850 20

357 3879 431 3938 sunt
532 3875 720 3959 langoribus
752 3873 894 3938 admissa
926 3879 956 3938 et
987 3874 1026 3938 iu
1047 3873 1082 3937 11
1109 3879 1140 3938 et
1164 3874 1202 3937 in
1216 3879 1314 3954 parte
1335 3872 1447 3937 3533353
1461 3869 1494 3953 S,

357 3980 552 4042 quamquam
573 3981 672 4041 neque
693 3959 751 4024 illa
771 3981 871 4040 neque
893 3960 969 4024 5333
990 3960 1083 4025 labet
1103 3959 1150 4036 R;
1172 3961 1247 4025 item
1269 3958 1495 4025 Ferderuohus

356 4047 464 4128 faetus
485 4046 677 4111 Frederious
703 4050 742 4110 ut
771 4047 808 4110 in
828 4046 865 4110 H
886 4047 935 4110 ita
955 4048 993 4112 iu
1011 4045 1059 4128 R,
1081 4067 1276 4129 quamquam
1296 4067 1402 4111 ueram
1430 4044 1496 4126 for-

356 4153 441 4198 mam
454 4133 476 4197 S
489 4153 560 4197 oum
571 4133 589 4197 I
600 4137 717 4196 tuetur.
747 4131 904 4196 Videntur
913 4133 990 4197 5333
1001 4134 1108 4198 33353
1116 4134 1282 4214 proficisci
1293 4154 1333 4197 er
1341 4131 1495 4214 3333535-

357 4221 415 4285 533
425 4220 543 4284 codicis
554 4220 631 4297 eius,
644 4238 742 4301 apua
757 4223 787 4283 35
802 4217 867 4283 Set
878 4220 909 4283 R
919 4220 1119 4284 descendunt.
1158 4221 1358 4286 Communem
1371 4219 1495 4282 utrius-

356 4328 417 4388 que
432 4305 544 4370 3533353
553 4310 720 4387 parentem
734 4305 859 4369 oidetnr
874 4306 1019 4370 indicare
1032 4311 1162 4387 praeter
1182 4305 1251 4371 alia
1266 4306 1392 4370 minora
1410 4304 1496 4369 loeus

354 4396 451 4472 28,1,
473 4394 530 4458 355
549 4413 625 4456 oera
640 4390 727 4456 lectio
751 4393 856 4456 stubi
872 4395 984 4459 oeulos
1001 4393 1170 4458 defunctus
1186 4392 1315 4478 aperuit
1336 4393 1395 4456 uix
1415 4396 1496 4456 recte
