3384 5142
321 444 356 500 20
390 458 393 462 “
812 445 965 498 EVGIPPII

322 617 442 706 quippe
464 637 539 683 cum
561 617 626 682 sibi
647 615 772 684 nullam
788 633 881 701 spem
895 615 1135 701 promitterent,
1156 615 1315 680 macerati
1329 614 1457 680 diutur-

277 710 300 770 4
321 705 372 770 nis
401 704 588 790 ergastulis.
631 703 684 767 his
712 701 830 766 auditis
859 703 975 786 regina
996 700 1137 767 crudelis
1161 707 1195 768 et
1217 703 1328 788 impia,
1351 703 1457 768 uesti-

320 792 383 857 bus
419 791 531 856 dolore
566 789 754 870 conscissis,
785 788 865 853 talia
899 788 1107 853 clamitabat:
1140 791 1170 853 ‘o
1203 809 1300 853 serue
1335 787 1458 852 domini

321 877 505 958 ‘Seuerine,
532 877 579 941 sic
601 897 621 940 a
643 875 706 939 deo
728 881 784 940 tuo
806 875 931 940 inlatae
955 874 1164 939 uindicantnr
1184 875 1340 939 iniuriae!
1372 875 1457 939 hanc

321 964 396 1030 ‘mei
424 967 628 1048 contemptus
656 962 812 1026 ultionem
836 961 950 1026 effusis
975 961 1129 1048 precibus
1151 962 1336 1047 postulasti,
1364 962 1456 1025 utin
1487 987 1501 1026 ⁵
1605 997 1610 1006 ·

321 1054 404 1116 ‘mea
436 1051 565 1115 uiscera
597 1045 807 1114 uindicares’!
838 1047 950 1132 itaque
982 1048 1157 1134 multiplici
1191 1048 1385 1112 contritione
1416 1068 1455 1112 ac

320 1137 500 1204 miserabili
524 1134 759 1201 lamentatione
791 1133 977 1198 discurrens
998 1134 1164 1199 fatebatur
1186 1155 1223 1198 se
1245 1155 1305 1220 pro
1328 1135 1455 1199 scelere

321 1229 536 1309 contemptus,
552 1221 638 1307 quod
653 1222 688 1286 in
704 1241 836 1286 seruum
852 1220 906 1285 dei
922 1221 1140 1301 commiserat,
1162 1221 1283 1306 plagae
1297 1240 1454 1306 praesen-

320 1311 362 1375 tis
391 1309 515 1374 ultione
567 1308 679 1374 ercelli
709 1307 945 1391 confestimque
973 1307 1107 1372 directis
1135 1307 1300 1393 equitibus
1322 1307 1455 1372 ueniam

320 1397 463 1484 petitura
485 1401 520 1460 et
541 1331 716 1474 idomenus,
736 1413 817 1480 quos
840 1393 959 1458 eodem
981 1392 1035 1458 die
1057 1395 1188 1473 tulerat,
1210 1414 1270 1480 pro
1288 1393 1406 1479 quibus
1422 1399 1456 1457 et
1473 1417 1502 1457 ro

319 1489 490 1568 rogantem
512 1486 765 1566 contempserat,
787 1479 1004 1544 retransmisit
1026 1486 1060 1544 et
1081 1481 1231 1545 aurifices
1255 1480 1456 1566 accipientes

320 1570 466 1655 protinus
495 1573 734 1633 sacramentum
762 1587 801 1631 ac
829 1565 1030 1631 dimittentes
1058 1566 1254 1630 infantulum
1276 1568 1399 1652 pariter
1422 1572 1456 1630 et

279 1654 299 1714 5
320 1657 384 1743 ipsi
406 1655 532 1720 dimissi
555 1660 639 1719 sunt.
676 1653 727 1719 his
750 1651 870 1718 auditis
892 1653 1178 1718 reuerentissimus
1194 1652 1315 1718 Christi
1337 1673 1453 1736 seruus

321 1743 443 1828 gratias
473 1741 612 1806 creatori
642 1738 808 1806 referebat
837 1740 1015 1820 inmensas,
1046 1740 1102 1824 qui
1129 1740 1171 1804 ob
1199 1739 1260 1805 hoc
1290 1738 1455 1805 interdum

321 1828 430 1894 differt
455 1832 536 1892 uota
563 1826 777 1913 poscentium,
804 1830 841 1890 ut
862 1825 937 1904 fide,
969 1845 1028 1911 spe
1045 1831 1091 1891 et
1114 1826 1249 1891 caritate
1273 1831 1454 1907 crescente,
1473 1852 1501 1892 ιε

321 1915 398 1980 dum
420 1915 546 1979 minora
559 1914 691 1999 petitur,
713 1913 838 1977 maiora
854 1911 1019 1977 concedat.
1057 1912 1091 1976 id
1105 1933 1246 1998 namque
1263 1914 1335 1998 egit
1350 1913 1454 1977 omni-

320 2002 470 2088 potentia
500 2001 688 2080 saluatoris,
715 2005 767 2081 ut,
798 1998 876 2063 dum
908 1999 1029 2063 liberos
1064 2020 1166 2064 saeua
1190 2000 1308 2064 mulier
1337 1998 1457 2062 subicit

280 2086 486 2166 dseruituti,
526 2087 707 2152 seruientes
746 2092 919 2170 cogeretur
955 2084 1091 2150 reddere
1128 2085 1283 2150 libertati.
1337 2085 1455 2171 quibus

320 2174 512 2239 mirabiliter
545 2171 726 2258 impetratis
760 2172 878 2256 regina
908 2172 1019 2235 statim
1052 2170 1094 2236 ad
1126 2193 1258 2236 seruum
1289 2171 1344 2236 dei
1376 2191 1454 2256 pro-

320 2281 440 2348 perans
467 2279 540 2324 cum
567 2259 686 2324 marito
716 2263 877 2322 monstrat
901 2257 1015 2337 filium,
1043 2278 1141 2343 quem
1169 2258 1335 2324 fatebatur
1363 2258 1451 2323 illius
1472 2281 1501 2322 so

322 2345 520 2412 orationibus
543 2344 583 2410 de
606 2345 719 2410 mortis
743 2343 883 2410 confinio
905 2343 1090 2425 liberatum,
1112 2345 1307 2431 promittens
1332 2365 1369 2410 se
1394 2365 1454 2409 ne-

322 2453 485 2519 quaquam
507 2432 593 2496 ultra
616 2431 686 2496 eius
709 2430 909 2495 iussionibus
933 2430 1077 2496 obuiare.

282 2519 297 2578 1
405 2518 519 2586 VIIII.
533 2517 654 2603 Magna
670 2538 800 2604 quoque
822 2517 945 2581 famulo
961 2516 1014 2581 dei
1028 2517 1221 2603 prophetiae
1237 2518 1343 2602 gratia
1359 2537 1456 2602 prae-

320 2605 388 2672 dito
411 2604 445 2670 in
466 2601 665 2670 redimendis
687 2610 759 2668 erat
773 2604 914 2688 captiuis
928 2603 1098 2669 industria.
1137 2604 1315 2668 studiosius
1332 2604 1456 2668 etenim

319 2691 494 2757 insistebat
519 2691 732 2756 barbarorum
761 2689 890 2754 dicione
920 2697 1061 2755 uexatos
1089 2691 1252 2775 genuinae
1279 2691 1454 2755 restituere
1473 2711 1501 2752 rs

322 2779 474 2845 libertati.
517 2778 644 2842 interea
667 2777 795 2842 curidum
818 2797 892 2840 cum
915 2777 1052 2861 coniuge
1078 2777 1257 2862 liberisque
1280 2777 1455 2862 redempto

320 2865 487 2966 praecepit
515 2863 730 2930 transuadare
759 2862 959 2945 Danuuium,
987 2870 1024 2927 ut
1050 2863 1215 2927 hominem
1243 2865 1392 2948 ignotum
1420 2864 1456 2926 in

320 2951 471 3017 nundinrs
511 2956 684 3036 quaereret
714 2948 941 3028 barbarorum,
980 2969 1077 3034 quem
1111 2950 1146 3012 in
1179 2955 1305 3015 tantum
1342 2950 1456 3014 diuina

320 3038 520 3104 reuelatione
542 3036 710 3117 didicerat,
734 3041 771 3100 ut
794 3037 894 3102 etiam
917 3035 1011 3120 signa
1033 3041 1177 3100 staturae
1200 3037 1454 3123 capillorumque

321 3125 473 3207 colorem,
500 3125 611 3188 uultus
640 3123 710 3188 eius
737 3143 776 3187 ac
798 3123 915 3187 uestis
929 3121 1060 3203 habitus
1090 3122 1253 3188 indicaret
1275 3130 1309 3188 et
1331 3123 1366 3186 in
1388 3143 1453 3208 qua
1473 3139 1502 3178 ιο

320 3219 413 3298 parte
437 3210 653 3276 nundinarum
674 3214 864 3295 reperturus
888 3228 962 3274 eum
985 3208 1071 3273 foret
1093 3209 1292 3286 ostenderet,
1314 3208 1453 3289 addens,

320 3304 366 3379 ut,
390 3297 542 3384 quicquid
566 3297 596 3360 ei
619 3304 752 3382 reperta
775 3295 897 3361 diceret
919 3315 1071 3381 persona,
1093 3316 1245 3360 reuersus
1269 3295 1331 3360 sibi
1344 3300 1452 3358 matu-

406 3451 563 3522 rauce).
582 3451 771 3520 umnam).
790 3451 863 3518 ,ιρι
873 3451 986 3513 esaan
996 3450 1160 3520 afficere
1168 3449 1311 3518 -p.21,a
1322 3451 1455 3518 snmus).

320 3522 437 3589 idmst
454 3524 571 3588 debota).

407 3659 523 3730 lapem]
542 3662 631 3724 ΖΒΕ,
650 3677 721 3728 spem
737 3661 808 3712 uitae
826 3658 865 3710 II
945 3656 1123 3727 asspectibus
1142 3657 1167 3707 A
1253 3655 1393 3724 3domini]
1412 3659 1456 3710 dai

320 3731 345 3782 R
432 3729 513 3798 daie]
533 3730 663 3794 KOGSR,
683 3731 750 3781 sieut
766 3728 799 3791 L,
818 3730 856 3780 sic
872 3728 961 3781 sicII
1009 3736 1054 3781 tuo
1071 3745 1120 3779 om.
1137 3727 1169 3776 N
1216 3727 1456 3780 uindicabnnturL

320 3798 525 3868 boontemptus]
549 3803 669 3854 obtentus
687 3799 712 3850 L
763 3799 861 3850 effusus
878 3796 920 3847 A·
1004 3795 1081 3848 8dei
1097 3795 1194 3848 carad!
1276 3795 1311 3849 10
1327 3794 1458 3906 pruma}

320 3868 409 3934 MR,
427 3887 536 3936 poscens
554 3870 592 3920 ΙΙ
639 3864 737 3934 eodem]
755 3869 845 3924 eadem
859 3863 930 3931 Klif,
948 3883 979 3918 aa
996 3865 1092 3916 Bm
1173 3861 1207 3916 14
1223 3867 1319 3934 gratiss
1336 3868 1453 3932 creatori,

320 3953 355 3990 cr.
374 3956 411 4005 gr.
430 3938 461 3990 K
508 3939 553 4003 ob]
576 3939 609 3990 ad
627 3938 653 3989 A
740 3935 773 3988 16
790 3937 889 3987 minora
912 3934 1022 4000 (inmota
1039 3933 1077 4000 A)
1099 3934 1206 4002 petitur]
1229 3937 1293 3987 miro
1315 3937 1414 4003 patitur
1428 3935 1456 3985 L

354 4008 407 4074 egit
425 4023 473 4060 om.
491 4008 550 4059 ΚΝ
598 4003 673 4072 16117
692 4007 878 4072 omnipotentia
895 4002 973 4071 salu]
992 4005 1105 4071 potentia
1122 4004 1189 4056 salu.
1206 4003 1249 4069 2²¹,
1272 4005 1457 4072 omnipotentia

320 4075 428 4128 salnai
514 4074 545 4127 17
563 4077 673 4128 liberam
696 4091 786 4126 seuam
807 4075 941 4126 mulierem
963 4074 1073 4125 subiecit
1094 4071 1243 4139 S(21.28)
1329 4071 1365 4125 20
1381 4090 1454 4124 mon·

319 4155 402 4198 straus
420 4145 445 4195 L
530 4141 745 4264 21promittensp
768 4144 793 4195 Ι.
808 4141 862 4206 SR,
889 4144 1065 4210 promittentes
1086 4141 1125 4192 ΙΙ
1206 4140 1241 4193 22
1259 4143 1330 4195 ultra
1351 4159 1400 4194 orn.
1420 4141 1453 4192 B.

319 4213 354 4267 23
370 4216 432 4266 iam.
450 4210 501 4280 dei]
519 4214 543 4265 d.
562 4216 581 4265 f.
599 4213 625 4264 R
709 4211 726 4264 2
761 4212 943 4264 remendisdd¹
994 4211 1133 4276 industria]
1152 4211 1252 4264 exiL
1301 4209 1454 4277 studiosius]

319 4281 428 4348 LKOB,
456 4283 584 4335 studiosus
609 4282 641 4335 G.
656 4283 691 4333 11
776 4280 810 4334 26
828 4283 957 4348 coniunge
979 4281 1004 4332 L
1089 4279 1122 4333 27
1144 4282 1270 4348 praecipit
1291 4280 1317 4331 A
1368 4287 1457 4332 trans-

319 4351 427 4420 uadara]
445 4353 609 4404 transuadere
627 4346 790 4403 LssRide
872 4347 950 4416 27128
963 4352 991 4402 in
1002 4347 1093 4417 nand]
1111 4351 1243 4402 innudinis
1255 4349 1281 4401 A
1361 4348 1397 4402 30
1407 4351 1456 4400 ba·

320 4420 399 4489 bitus]
419 4423 443 4474 I.
454 4419 530 4485 ΕΜ,
548 4421 665 4473 habitum
684 4420 734 4484 (·tu
748 4417 782 4484 A)
801 4418 916 4472 11.va
990 4415 1024 4471 31
1042 4422 1127 4472 forent
1140 4419 1178 4470 L¹
1256 4416 1291 4471 32
1308 4417 1341 4486 ei]
1354 4436 1414 4472 eum
1426 4418 1460 4469 N
