3384 5142
331 428 365 482 22
825 429 977 482 EVGIPPII

332 602 568 667 barbarorum..
599 597 676 664 huia
708 599 849 685 quadam
880 599 933 664 die
964 598 1133 685 praecepit
1165 597 1217 662 uir
1248 597 1301 663 de'i
1335 595 1470 666 dicens:

332 692 436 768 ιοιιιιο,
458 707 499 752 ne
521 685 618 752 bodie
641 683 835 771 digrediaris
859 686 995 751 alieubi:
1019 685 1164 770 alioquin
1178 683 1361 749 imminenti
1375 684 1469 769 peri-

333 775 417 840 ‘oulo
438 794 505 839 non
527 770 678 839 carebis’.
716 772 770 837 hio
792 791 870 856 ergo
894 777 1008 836 ooutra
1029 775 1242 858 praeceptum
1264 771 1348 836 tanti
1362 772 1469 855 patris

333 861 512 926 saecularis
536 858 705 924 cuiusdam
727 858 868 923 hominis
890 878 1051 945 persuasu
1073 855 1209 922 meridie
1224 856 1266 920 ad
1281 856 1471 941 colligenda

332 967 431 1034 poma
456 946 490 1010 in
518 945 662 1012 seeundo
685 965 706 1009 a
725 945 884 1010 Fauiauis
906 945 1047 1009 miliario
1071 963 1224 1028 egressus
1246 963 1325 1007 mox
1346 964 1368 1007 a
1389 943 1466 1006 bar-
1501 961 1517 1000 a

333 1035 420 1099 baris
436 1031 589 1098 Danuuio
612 1037 819 1097 transuectus
843 1038 896 1096 est
918 1050 992 1096 oum
1015 1051 1073 1096 suo
1089 1049 1286 1117 persuasore
1301 1029 1467 1115 captiuus.

290 1121 311 1182 2
332 1121 367 1184 in
386 1119 446 1183 illa
468 1119 549 1184 hora
570 1119 621 1183 uir
642 1117 705 1198 dei,
735 1117 812 1182 dum
834 1117 868 1182 in
891 1117 1011 1183 cellula
1032 1118 1171 1202 legeret,
1194 1116 1306 1180 olauso
1328 1120 1468 1200 repente

333 1205 460 1271 oodiaa:
485 1201 658 1270 ‘Maurum’
682 1205 727 1268 ait
749 1205 824 1269 ‘aito
847 1201 1023 1289 requirite’.
1067 1223 1133 1289 quo
1154 1222 1316 1288 nusquam
1336 1206 1470 1288 reperto

332 1293 403 1378 ipse
427 1291 616 1378 quantocius
638 1289 744 1355 Histri
766 1291 890 1355 fluenta
911 1294 1156 1378 praetermeans
1179 1289 1323 1354 latrones
1345 1308 1467 1376 prope-

333 1384 445 1443 ranter
466 1377 658 1463 insequitur,
686 1396 769 1462 quos
797 1378 918 1463 uulgus
941 1395 1107 1441 scamaras
1129 1375 1327 1461 appellabat.
1373 1375 1466 1439 euius
1488 1395 1516 1435 ro

333 1464 554 1530 uenerandam
575 1464 795 1550 praesentiam
817 1484 886 1528 non
906 1463 1052 1528 ferentes
1076 1463 1242 1549 supplicae
1265 1481 1347 1548 quos
1370 1480 1470 1546 oepe-

333 1557 407 1616 rant
428 1550 602 1616 reddidere
627 1551 783 1634 eaptiuos.

294 1640 309 1698 1
420 1636 482 1702 XI.
505 1636 593 1701 Dum
616 1634 722 1720 adhue
743 1634 856 1700 Norici
878 1632 1032 1719 Ripensis
1055 1630 1175 1783 oppida
1198 1633 1366 1719 superiora
1390 1651 1468 1696 oon-

334 1728 460 1789 starent
491 1729 525 1788 et
551 1739 658 1808 paene
685 1723 811 1787 nullum
839 1721 1013 1785 castellum
1040 1719 1102 1784 bar
1126 1737 1255 1784 erorum
1276 1721 1397 1784 uitaret
1416 1721 1468 1782 in-

336 1829 459 1883 oursus,
484 1815 552 1874 tam
574 1807 788 1874 celeberrima
809 1807 914 1871 saneti
938 1807 1089 1872 Seueriui
1109 1807 1271 1890 flagrabat
1293 1807 1411 1893 opinio,
1432 1810 1471 1869 ut
1489 1827 1519 1868 rs

336 1897 486 1962 certatim
513 1915 591 1962 eum
618 1894 659 1960 ad
690 1915 726 1960 se
750 1894 888 1958 eastella
910 1893 1040 1978 singula
1063 1913 1123 1978 pro
1144 1892 1210 1956 suis
1233 1892 1471 1958 munitionibus

335 1983 524 2064 inniterent,
547 1981 719 2048 eredentes
742 1980 829 2066 quod
852 1980 924 2045 eius
969 1979 1133 2045 raesentia
1154 1977 1236 2042 nihil
1259 1979 1307 2044 eis
1322 1979 1473 2043 eueniret

337 2068 479 2134 aduersi.
523 2067 610 2153 quod
637 2086 704 2130 non
733 2068 803 2132 sine
830 2071 914 2131 nutu
940 2001 1043 2131 diuini
1071 2065 1215 2130 muneris
1238 2065 1407 2150 agebatur,
1433 2069 1473 2127 ut

337 2173 450 2219 omnes
479 2153 549 2219 eius
579 2154 711 2218 monitis
740 2153 832 2238 quasi
867 2152 1065 2219 caelestibus
1097 2157 1300 2216 terrerentur
1330 2150 1472 2216 oraeulis

294 2241 315 2302 2
338 2239 554 2326 exemploque
576 2239 664 2305 illius
688 2241 781 2304 bonis
804 2239 958 2324 operibus
981 2243 1196 2303 armarentur.
1239 2238 1275 2301 in
1298 2238 1471 2303 rastellum
1492 2251 1524 2292 ιι)

338 2346 478 2413 quoque,
506 2327 557 2391 oui
586 2332 656 2391 erat
679 2325 824 2390 Oueullis
846 2325 1054 2405 uocabulum,
1081 2323 1310 2389 deuotionibus
1340 2323 1470 2388 aeoola-

336 2432 409 2478 rum
441 2412 494 2479 uir
530 2419 663 2478 sanetus
693 2411 874 2478 aduenerat
902 2419 1072 2490 euocatus,
1105 2410 1162 2474 ubi
1192 2409 1316 2474 faotum
1344 2409 1471 2496 grande

334 2499 530 2564 miraculum
565 2518 693 2585 nequeo
728 2499 883 2564 reticere:
921 2497 1009 2583 quod
1041 2502 1153 2562 tamen
1184 2495 1360 2575 Marciani,
1393 2502 1472 2582 post

335 2585 522 2672 presbyteri
554 2585 677 2665 nostri,
711 2584 793 2650 uiuis
827 2584 976 2650 eiusdem
1007 2584 1083 2662 looi,
1115 2583 1277 2669 stupenda
1306 2584 1470 2649 relatione
1530 2615 1535 2623 ι

336 2671 560 2757 cognouimus.
604 2691 680 2758 pars
710 2671 816 2759 plebis
843 2672 877 2734 in
900 2670 1043 2756 quodam
1071 2671 1145 2734 looo
1168 2668 1318 2734 nefandis
1343 2668 1468 2734 saorifi-
1491 2687 1523 2729 ro
1630 2743 1636 2752 θ

336 2758 395 2822 aiis
429 2758 630 2823 inhaerebat.
683 2777 747 2843 quo
786 2757 960 2841 sacrilegio
986 2763 1156 2842 oomperto
1183 2757 1235 2820 uir
1268 2755 1323 2822 dei
1355 2756 1469 2822 multis

357 2844 466 2909 lebem
488 2844 689 2910 sermonibus
712 2843 884 2909 adlooutus
906 2843 1065 2908 ieiunium
1088 2842 1277 2907 triduanum
1298 2863 1359 2929 per
1374 2862 1469 2929 pres-

328 2865 465 3016 ⁴byteroe
492 2931 557 2996 looi
578 2931 743 3017 persuasit
769 2929 870 2995 indioi
898 2949 937 2995 ao
963 2949 1024 3014 per
1047 2929 1192 3014 singulas
1215 2929 1330 2993 domos
1353 2948 1468 2993 aereos

336 3017 445 3081 afferri
465 3018 644 3103 praecepit,
668 3035 749 3102 quoe
771 3015 903 3167 propria
917 3035 1017 3080 manu
1037 3016 1263 3100 unusquisque
1285 3014 1484 3101 parietibus

294 3100 313 3162 3
334 3102 442 3168 affixit
463 3103 636 3169 ecelesiae.
672 3111 751 3168 tuno
772 3123 834 3189 psa
847 3103 931 3169 torio
954 3123 998 3168 ex
1019 3122 1110 3168 more
1132 3102 1272 3167 decurso
1295 3100 1337 3165 ad
1352 3101 1467 3166 horam
1486 3119 1519 3160 ao

418 3310 574 3376 Ianua).
587 3308 773 3378 rumen).
792 3310 933 3378 seraa,
944 3307 1207 3377 atarneaaaa).
1224 3306 1343 3377 numm
1351 3305 1469 3376 aaa)

420 3507 584 3574 lquandam
601 3507 653 3570 N¹,
671 3508 774 3572 quidam
796 3507 822 3558 T
869 3509 911 3560 die
933 3526 982 3560 om,
1003 3508 1041 3558 [ἢ
1092 3508 1134 3559 uir
1151 3503 1201 3573 dei]
1227 3505 1296 3567 Mt,
1323 3523 1373 3558 oen.
1391 3504 1475 3557 ΠΒ

334 3571 351 3627 2
368 3577 492 3644 gradiaris
505 3577 535 3629 K
610 3575 653 3642 2i3
670 3577 813 3629 imminenti
828 3578 945 3644 periculo
962 3594 1015 3630 uon
1032 3576 1143 3638 earebie]
1162 3575 1187 3627 I.
1197 3575 1252 3636 612,
1272 3576 1306 3627 ab
1321 3575 1338 3627 i.
1350 3593 1375 3642 p.
1386 3591 1413 3626 n.
1426 3589 1469 3626 ea-

333 3647 408 3698 uobie
419 3645 458 3697 ΙΙ
539 3643 557 3698 4
573 3647 642 3698 hom·
655 3647 706 3698 oui.
717 3646 772 3698 NA
859 3643 904 3711 415
920 3647 1093 3714 oolligeudam
1106 3662 1209 3713 pomam
1221 3644 1252 3696 K
1333 3644 1474 3697 dianien-

332 3731 356 3764 ιι.
374 3714 412 3764 ad
429 3719 483 3778 Μ
567 3713 583 3766 7
601 3715 630 3766 in
647 3711 718 3781 (anta
735 3713 840 3780 eeiluia)
859 3732 909 3767 om.
927 3715 952 3767 L
1003 3711 1107 3782 cellula]
1125 3715 1173 3766 rel.
1190 3722 1215 3766 et
1232 3711 1377 3778 &mim-1),
1401 3714 1473 3765 aella

332 3780 566 3834 mmm-D·
640 3781 658 3836 8
681 3785 794 3838 eodieem
812 3784 843 3836 K
894 3796 1038 3850 numquam
1055 3783 1088 3834 N
1156 3779 1218 3849 9s10
1233 3791 1398 3851 properantes
1414 3781 1472 3834 LK

334 3851 368 3903 10
385 3849 524 3972 scamaras}
537 3851 654 3916 NSRW,
673 3869 802 3907 eeamaras
817 3851 902 3915 TAM,
920 3853 1086 3916 eoamerasI,
1104 3850 1313 3904 samaraeum
1355 3852 1471 3918 appellat

335 3920 405 3973 008
490 3921 505 3972 1
545 3923 651 3974 reddere
669 3923 694 3975 G
780 3921 814 3974 13
835 3918 908 3988 dum]
934 3939 995 3974 oum
1014 3921 1147 3974 OGNBM
1233 3920 1268 3976 15
1292 3922 1427 3990 fragrabat
1442 3919 1473 3971 Ι»

333 3988 366 4042 16
378 3989 562 4044 monitionibus
572 3989 704 4044 KTNAS
772 3989 804 4042 17
816 3991 979 4043 inuitaretK
1009 3992 1143 4043 adueniret
1153 3990 1201 4044 LS
1268 3988 1345 4057 19129
1356 3989 1473 4042 oraeuiie

331 4075 373 4110 ex.
386 4059 422 4111 ill.
435 4060 459 4111 b.
472 4076 496 4112 o.
508 4068 670 4112 armarentur
686 4077 734 4112 om.
748 4060 772 4113 S
788 4059 837 4126 (21.
851 4057 894 4125 28)
981 4059 1017 4112 20
1032 4069 1194 4113 armarentur
1220 4062 1383 4112 erudirentur
1400 4060 1473 4121 (eru-

332 4129 437 4180 diantur
448 4125 490 4192 131,
509 4137 635 4181 eruantur
645 4129 704 4195 Bm)
716 4129 742 4181 R
822 4128 856 4181 21
875 4129 986 4182 eueullis
1002 4147 1052 4182 orn.
1064 4129 1095 4180 N
1222 4126 1373 4195 aduenerat]
1389 4144 1469 4180 uene·

331 4197 411 4249 retR
456 4198 597 4250 adnotatus
611 4197 688 4250 GNB
764 4195 911 4264 ddnequeo
922 4196 1041 4266 retioere]
1053 4215 1137 4266 neque
1148 4216 1193 4251 ore
1204 4195 1251 4265 (eie
1259 4201 1304 4262 28,
1315 4213 1415 4264 nequeo
1425 4195 1472 4264 21)

333 4267 417 4320 dieere
429 4265 453 4320 S
463 4266 631 4335 hiefinieataa
710 4264 745 4319 24
761 4270 833 4320 eiues
844 4267 878 4319 N
953 4266 1031 4333 rme
1048 4270 1227 4336 presbyterum
1237 4267 1291 4319 KR
1376 4263 1413 4317 28
1428 4268 1469 4318 in-

328 4336 398 4388 'diaia
414 4353 446 4388 ao
456 4335 488 4388 K
564 4335 598 4388 29
615 4332 711 4403 afferri]
723 4336 748 4390 1.
758 4335 832 4402 Mas,
849 4338 942 4390 afferre
957 4337 1128 4390 iwanum
1178 4353 1258 4389 manu
1274 4331 1469 4402 unusquisque]

330 4404 367 4458 K.
376 4404 419 4460 Π.
427 4405 461 4470 Β,
478 4422 570 4459 manus
587 4407 697 4474 quisque
714 4406 747 4472 L,
764 4423 846 4459 mauu
866 4405 912 4459 06¹
