3384 5142
532 392 886 446 ΟΟΜΜΕΜΟΒΑΊῸΕΠΜ
903 388 1045 445 cal—n
1318 389 1354 448 36

222 569 349 650 petens,
372 583 415 630 ne
436 563 575 630 ulterius
597 562 640 628 ad
663 583 724 628 sua
737 561 845 628 redire
861 568 1042 648 cogeretur,
1066 564 1201 650 cupiens
1216 564 1350 646 scilicet,

220 655 258 714 ut
279 651 405 736 lepram
428 671 557 736 quoque
580 656 791 736 peccatorum
814 651 900 714 sicat
921 650 1026 716 carnis
1048 649 1211 735 effugeret
1230 651 1353 720 uitem·

220 757 286 822 que
306 737 340 800 in
363 736 480 802 eodem
502 737 574 802 loco
597 736 663 800 fine
685 734 841 802 laudabili
863 736 1064 802 terminaret.
1101 737 1193 802 cuius
1209 738 1354 805 animum
1373 737 1393 800 2

220 823 409 908 religiosum
439 823 491 886 uir
519 822 572 888 dei
601 822 817 887 uehementer
844 821 1010 888 admirans
1038 822 1155 908 paucis
1184 824 1354 890 monachis

183 915 359 994 spaterna
389 910 536 974 iussione
557 908 729 994 praecepit
752 907 967 993 frequentatis
996 929 1070 974 curn
1094 929 1136 974 ao
1164 910 1293 976 ieiuniis
1316 910 1353 978 iu

222 995 369 1060 oratione
397 995 554 1060 continua
579 1013 788 1080 permanere,
814 1000 854 1059 ut
880 994 1031 1062 dominus
1061 995 1094 1062 ei
1121 1016 1205 1081 quae
1239 1002 1353 1064 esseut
1438 1016 1441 1022 ·

220 1086 402 1166 opportuna
429 1079 631 1146 concederet.
676 1080 777 1144 tantis
805 1081 916 1166 itaque
942 1080 1096 1148 remediis
1125 1082 1354 1166 praemunitus

220 1167 306 1232 intra
334 1167 471 1232 duorum
499 1187 672 1234 mensuum
695 1166 835 1253 spatium
860 1167 952 1236 uitae
974 1167 1122 1236 mortalis
1144 1174 1197 1234 ast
1218 1189 1349 1255 compe-

221 1253 317 1320 dibus
337 1254 514 1318 absolutus.

177 1361 206 1410 a
306 1338 449 1405 XXVII.
471 1337 598 1404 Eodem
620 1343 768 1425 tempore
790 1358 961 1404 mansores
978 1337 1090 1424 oppidi
1105 1336 1353 1419 Quintuncusis,
1376 1344 1391 1403 1

221 1425 427 1490 creberrimis
448 1424 708 1490 Alamannorum
734 1425 974 1492 incursionibus
1004 1425 1069 1492 iam
1096 1423 1226 1504 detersi,
1254 1424 1354 1491 sedes

220 1511 372 1597 proprias
394 1512 617 1596 relinquentes
640 1512 674 1575 in
696 1511 833 1576 Batauis
850 1510 1006 1596 oppidum
1020 1511 1253 1596 migraremus
1292 1511 1353 1576 sed

220 1617 286 1662 non
313 1599 408 1662 latuit
436 1598 571 1663 eosdem
597 1597 756 1664 barbaros
782 1597 971 1682 coniugium
998 1597 1257 1682 praedictorum:
1287 1618 1354 1682 qua

221 1704 321 1748 cursa
342 1685 420 1770 plus
438 1685 630 1748 inflammati
651 1690 726 1748 sunt
748 1683 933 1761 credentes,
957 1683 1047 1770 quod
1060 1682 1196 1750 onoma
1211 1685 1351 1770 populos

176 1803 206 1844 μ
221 1769 415 1856 oppidorum
436 1791 502 1834 uno
522 1771 647 1855 impetu
668 1769 915 1854 praedarentur.
954 1769 1012 1836 sed
1034 1769 1153 1836 beatus
1169 1770 1354 1838 Seuerinue

221 1857 360 1922 orationi
397 1856 512 1922 fortius
551 1856 711 1921 incubans
744 1855 914 1920 Romanos
951 1856 1112 1941 exemplis
1150 1857 1352 1924 salumribua

220 1943 443 2028 multipliciter
468 1941 669 2021 hortabatur,
700 1943 935 2027 praenuntians
963 1941 1077 2007 hostes
1098 1942 1229 2027 quidem
1251 1962 1352 2028 prae-

219 2035 331 2095 sentes
359 2028 414 2094 dei
441 2028 564 2094 anxilio
593 2027 811 2112 superandos,
843 2027 903 2092 sed
924 2032 1000 2114 post
1020 2027 1193 2094 uictoriam
1214 2049 1270 2095 ees
1294 2029 1353 2114 qui

218 2122 465 2180 contemnerent
492 2116 564 2180 eius
584 2115 708 2179 monita
729 2115 905 2200 perituros
949 2113 1051 2199 igion
1072 2113 1212 2182 Romani
1233 2123 1391 2184 emessa

172 2229 200 2274 a
219 2202 323 2266 sancti
358 2201 422 2265 uiri
458 2201 683 2288 praedictione
716 2200 837 2266 firmati
871 2221 931 2286 spe
968 2200 1153 2286 promissae
1189 2201 1352 2266 uictoriae

216 2286 376 2352 aduersus
397 2287 600 2352 Alamannos
623 2288 855 2352 instruxerunt
875 2287 997 2368 aciem,
1017 2307 1084 2352 non
1106 2292 1174 2352 tam
1194 2288 1349 2354 matona-

216 2373 305 2438 libus
335 2374 433 2438 armis
463 2395 560 2460 quam
591 2374 695 2438 sancti
720 2374 783 2438 uiri
810 2373 1011 2438 orationibus
1033 2373 1238 2458 praemuniti.
1285 2395 1353 2459 qua

217 2461 582 2632 tralaticiu-
604 2456 1354 2632 tt..itt3¹¹itt.tltlttt;.litdtt?

171 2658 198 2702 aa
217 2633 332 2697 ‘sentis
365 2633 550 2698 certaminis
578 2594 761 2717 imputetis,
789 2633 931 2698 scientes
955 2631 1077 2697 idcirco
1100 2651 1160 2696 nos
1183 2630 1236 2697 dei
1263 2651 1350 2698 nuno
1366 2695 1373 2719 ι,

219 2717 392 2802 ‘praesidio
415 2718 580 2797 liberatos,
603 2724 640 2781 ut
661 2717 736 2783 hinc
758 2739 862 2804 paruo
878 2718 1051 2783 interuallo
1066 2717 1233 2802 temporie,
1256 2718 1351 2802 quasi
1456 2756 1460 2763 ‚

219 2803 425 2888 ‘quibusdam
448 2803 610 2870 concessis
633 2803 775 2885 indutiis,
797 2803 985 2870 discedatis.
1022 2825 1150 2870 mecum
1173 2804 1285 2888 itaqua
1307 2803 1352 2872 ad

219 2891 388 2977 ‘oppidum
403 2889 599 2955 Launacnm
621 2891 811 2976 congregati
824 2889 1037 2956 descendite’.
1075 2891 1158 2956 haec
1180 2889 1278 2958 homo
1295 2889 1352 2955 dei

218 2978 336 3062 plenus
365 2978 489 3064 pietate
517 2978 721 3043 commonuit.
773 2976 832 3041 sed
860 2977 1033 3052 Bataninis
1065 2976 1211 3062 genitale
1245 2975 1391 3044 soluma

171 3090 201 3133 ro
217 3064 404 3149 relinquere
425 3063 650 3130 dubitantibus
673 3063 720 3127 sic
743 3062 877 3128 adiecit:
906 3063 1066 3148 ‘quamuis
1099 3068 1132 3129 et
1153 3061 1233 3128 illud
1255 3064 1351 3148 oppi-

219 3150 317 3232 ‘dum‚
341 3170 404 3235 quo
427 3150 603 3236 pergimus,
626 3149 797 3234 ingruente
813 3149 965 3214 barbarie
982 3150 1024 3213 sit
1039 3149 1232 3234 quantocius
1248 3148 1350 3214 relin-

229 3445 232 3450 .
305 3389 460 3460 norom.
478 3387 664 3459 nuncu).
683 3387 882 3454 sorana).
900 3387 1015 3456 eoum·
1024 3387 1140 3455 auca).

305 3614 323 3668 2
344 3616 468 3683 effugaret
495 3615 520 3669 L
611 3613 629 3667 3
652 3615 742 3668 eadem
766 3615 802 3668 01
862 3616 940 3668 linem
966 3615 1128 3668 laudabiliter
1153 3615 1303 3668 terminanit
1325 3614 1356 3666 K

215 3682 403 3750 dreligiosnm
415 3693 476 3750 post
493 3687 535 3738 dei
552 3683 580 3750 S,
605 3703 653 3738 orn.
672 3684 697 3736 R
799 3682 842 3750 516
859 3687 923 3749 freq.
942 3700 1002 3736 cum
1024 3701 1055 3737 ee
1072 3685 1114 3737 iai.
1132 3684 1161 3735 in
1177 3700 1214 3735 or.
1232 3685 1356 3736 continno

181 3769 184 3774 ·
222 3753 378 3814 (continuata
390 3753 430 3816 K)
447 3752 684 3822 permanere]I.R,
696 3755 760 3820 freq.
780 3762 1007 3818 ...permaneret
1019 3753 1047 3816 Β,
1065 3761 1096 3805 ut
1108 3751 1217 3818 (ΜΝ)
1230 3755 1354 3818 trec...

219 3830 397 3888 permanerent
409 3823 445 3873 II
512 3822 526 3874 7
544 3819 729 3891 praemunitus]
749 3819 971 3888 T¹NA⁸MBW1⁸,
983 3824 1156 3888 praemonitus
1168 3823 1193 3876 1.
1204 3819 1354 3876 T’AbSRffl

216 3889 237 3942 8
254 3888 400 3956 manuum]
418 3890 522 3957 TNAS,
540 3895 667 3946 mensium
683 3892 708 3943 I.
717 3891 774 3944 MR
844 3890 877 3941 10
893 3889 1080 3958 quintanensis]
1103 3891 1165 3943 ada
1184 3900 1272 3944 sanem
1289 3891 1355 3944 uillu

219 3977 291 4012 nunc
311 3961 404 4012 dicitur
421 3962 489 4012 ultra
512 3961 649 4014 uilshonen
670 3961 716 4012 Rw
801 3958 833 4012 11
859 3959 910 4010 iam
933 3977 983 4010 om.
1006 3959 1038 4010 N
1120 3958 1153 4012 12
1175 3961 1279 4016 baianis
1295 3960 1355 4012 ride

218 4029 257 4080 od
273 4047 303 4098 p.
315 4033 340 4093 8,
350 4033 384 4082 34
476 4026 551 4095 12s13
568 4032 613 4082 sed
629 4047 681 4082 non
699 4027 799 4082 ...15
815 4030 998 4096 praedarentur
1015 4028 1108 4081 aad
1186 4027 1263 4095 luna
1279 4045 1354 4096 prae-

218 4097 314 4164 senas]
331 4095 479 4161 LSRM',
502 4100 644 4166 praesentis
667 4097 766 4152 mae
857 4096 890 4150 19
911 4097 1163 4164 contempserint!
1209 4095 1307 4166 omnes]
1329 4098 1353 4150 I.

222 4167 331 4230 onan,
350 4185 399 4220 orn.
421 4167 477 4218 Tu
564 4165 599 4218 20
619 4168 806 4235 praedicatione
823 4165 926 4218 KOGA
994 4184 1039 4234 spe
1062 4185 1110 4220 cm.
1132 4167 1171 4220 11
1256 4165 1290 4219 21
1314 4168 1354 4218 in·

218 4234 379 4304 struxerunt]
397 4236 422 4290 Ι.
436 4235 490 4296 SR,
508 4243 708 4289 comannorum
725 4235 764 4286 ΙΙ
835 4233 871 4286 22
888 4235 1117 4302 praemonstras
1191 4233 1227 4289 23
1242 4237 1356 4302 ugena-

221 4306 311 4362 husu
356 4309 394 4358 ita
411 4305 490 4358 deiG
557 4303 593 4356 25
609 4307 760 4372 computetis
772 4302 828 4354 LK
875 4323 946 4358 nnnc
962 4306 1048 4358 om.L
1115 4303 1150 4358 26
1166 4303 1236 4372 bine]
1256 4304 1353 4357 huicG

219 4372 255 4425 27
273 4375 374 4428 indiciis
391 4374 464 4426 leA
532 4391 617 4428 meam
638 4373 673 4426 T¹
758 4371 793 4426 28
810 4373 950 4428 disccndite
966 4375 1007 4428 A·

1163 4456 1198 4510 3*
