3384 5142
329 367 365 422 40
646 420 649 426 .
819 370 973 422 EVGIPPII

328 539 482 604 uicesimo
516 537 557 604 ab
590 535 671 605 urbe
702 539 842 604 miliario
873 539 1054 605 matutinus
1083 539 1233 605 occurrit.
1275 559 1344 604 rex
1379 559 1460 625 ergo

328 625 506 691 aduentum
539 625 608 690 eius
640 626 788 710 protinus
822 647 1050 711 expaucsoens
1080 624 1264 690 testabatur
1302 645 1337 690 se
1370 625 1461 690 illius

328 712 520 797 fatigatione
550 711 724 797 plurimum
751 719 1020 797 praegrauatum:
1056 732 1170 777 causas
1200 711 1310 796 itaque
1337 731 1462 797 repen·

289 805 308 868 3
328 801 416 864 tinae
439 798 637 863 occursionis
659 799 800 882 inquirit.
846 799 900 863 cui
922 819 1038 864 scruus
1060 797 1129 862 dei:
1153 794 1239 883 ‘pax’
1255 798 1359 882 inquit
1376 797 1457 879 tibi,

329 889 399 950 ‘rex
421 884 552 970 optime.
591 883 713 948 Christi
727 885 855 969 legatus
869 884 1021 967 aduenio,
1044 884 1180 950 subditis
1200 883 1459 949 misericordiam
1495 902 1508 942 s

328 975 538 1057 ‘precaturus
601 971 711 1036 recole
744 971 899 1056 gratiam,
933 970 1045 1036 diuina
1076 971 1239 1036 beneficia
1274 969 1459 1051 recordare,

328 1056 456 1142 ‘quibus
477 1062 574 1142 pater
594 1062 669 1121 tuus
692 1077 728 1122 se
743 1057 931 1142 frequenter
952 1058 1055 1123 sensit
1077 1057 1232 1121 adiutum.
1269 1077 1346 1120 nam
1362 1077 1461 1121 cunc·

330 1145 382 1208 ‘tis
410 1144 503 1228 regni
534 1143 584 1208 sui
611 1143 812 1229 temporibus
840 1145 921 1208 nihil
944 1166 996 1210 me
1019 1144 1202 1208 inconsulto
1225 1163 1342 1227 gerere
1364 1163 1461 1228 prae·

328 1230 498 1295 ‘sumebat
533 1229 592 1315 ,qui
611 1231 742 1294 monitis
759 1230 956 1296 salutaribus
978 1252 1043 1295 non
1063 1231 1220 1296 resistens
1244 1227 1368 1293 crebris
1383 1249 1460 1313 prc-

329 1315 550 1402 ‘speritatibus
576 1316 783 1400 recognouit,
815 1316 928 1401 quanti
953 1317 1080 1382 ualeret
1103 1314 1307 1381 oboedientis
1330 1315 1459 1380 animus
1476 1333 1506 1374 rc

329 1407 558 1488 ‘quantumque
590 1401 879 1487 triumphatoribus
912 1404 1017 1488 prosit
1046 1403 1114 1467 suis
1141 1423 1206 1468 non
1234 1406 1361 1466 tumere
1391 1401 1462 1465 uic·

287 1493 308 1554 4
329 1486 453 1553 ‘toriis’.
498 1495 531 1554 et
552 1509 626 1553 rex:
650 1486 757 1554 ‘hunc’
781 1489 887 1572 inquit
917 1490 1094 1575 ‘populum,
1117 1509 1176 1574 pro
1199 1508 1262 1573 quo
1287 1487 1463 1552 beniuolus

329 1577 488 1660 ‘precator
509 1574 649 1656 accedis,
672 1595 737 1639 non
759 1576 867 1660 patiar
889 1574 1146 1641 Alamannorum
1168 1596 1206 1639 ac
1222 1573 1462 1658 Thoringorum

330 1665 441 1726 ‘saeua
477 1660 730 1747 depraedatione
766 1661 891 1728 uastari
927 1663 983 1726 uel
1015 1662 1122 1747 gladio
1150 1659 1305 1726 trucidari
1338 1661 1462 1726 autin

329 1747 511 1812 ‘seruitium
531 1747 647 1833 redigi,
671 1768 744 1812 cum
760 1748 824 1811 sint
845 1747 940 1812 nobis
954 1749 1062 1813 uicina
1083 1768 1122 1812 ac
1143 1746 1314 1811 tributaria
1330 1746 1460 1832 oppida,
1479 1762 1506 1802 1⁵

289 1837 308 1897 5
329 1832 513 1919 ‘inquibus
536 1833 679 1900 debeant
701 1830 864 1899 ordinari’.
910 1834 964 1898 cui
986 1855 1102 1900 seruus
1125 1833 1248 1898 Christi
1271 1838 1462 1898 constanter

329 1920 375 1984 ita
395 1919 581 2005 respondit:
605 1920 771 2006 ‘numquid
794 1941 872 1985 arcu
897 1924 954 1984 tuo
976 1922 1033 1986 uel
1055 1920 1163 2005 gladio
1185 1920 1333 1984 homines
1355 1919 1409 1984 isti
1434 1939 1460 1983 a

329 2006 539 2091 ‘praedonum
560 2007 743 2072 uastationo
768 2004 964 2072 creberrima
985 2013 1061 2071 suut
1083 2007 1187 2092 erepti
1210 2011 1245 2071 et
1266 2026 1333 2069 non
1350 2006 1458 2091 potius

328 2092 393 2157 ‘dei
415 2113 560 2176 munere,
589 2097 626 2157 ut
653 2092 712 2158 tibi
740 2093 908 2178 paulisper
937 2093 1075 2178 obsequi
1104 2093 1246 2173 ualeant,
1275 2092 1458 2156 reseruati?

327 2181 425 2242 ‘nuno
448 2199 542 2263 ergo,
565 2200 625 2243 rex
647 2181 784 2264 optime,
808 2179 977 2243 consilinm
999 2199 1109 2244 meum
1131 2201 1173 2244 ne
1195 2198 1351 2262 respuas,
1380 2177 1459 2243 fidei
1479 2203 1505 2244 so

329 2267 432 2329 ‘meae
460 2264 521 2329 hos
549 2267 714 2330 committe
741 2264 920 2343 subiectos,
942 2287 987 2330 ne
1017 2265 1100 2330 tanti
1127 2264 1292 2330 exereitus
1320 2265 1457 2350 conpul-

328 2350 432 2415 ‘sione
462 2356 633 2415 uastantur
661 2351 891 2437 potiusquam
918 2352 1108 2437 migrentur.
1153 2351 1278 2416 confido
1307 2352 1394 2414 enim
1422 2350 1459 2416 in

329 2437 467 2501 ‘domino
490 2456 579 2516 meo,
602 2437 690 2522 quod
710 2438 798 2523 ipse,
827 2439 883 2523 qui
905 2459 957 2502 me
979 2438 1057 2502 fecit
1078 2437 1194 2502 horum
1217 2434 1458 2502 calamitatibus

329 2524 512 2602 interesse,
539 2524 572 2588 in
593 2523 809 2610 perducendis
834 2525 883 2589 eis
906 2525 1061 2589 idoneum
1083 2523 1183 2589 faciet
1204 2520 1458 2608 promissorem'.

287 2609 379 2674 ohis
407 2609 525 2675 auditis
555 2631 615 2675 rex
642 2610 798 2676 modestis
825 2611 1076 2695 allegationibus
1104 2611 1271 2695 mitigatus
1300 2630 1374 2674 cum
1397 2628 1457 2673 suo
1477 2633 1503 2675 ss

282 2745 286 2755 i
326 2696 474 2781 protinus
504 2697 664 2762 remeauit
697 2697 854 2762 exercitu.
908 2698 1008 2782 igitur
1038 2697 1196 2777 Romani,
1227 2716 1308 2781 quos
1335 2696 1369 2760 iu
1399 2715 1460 2759 sua

327 2788 458 2846 sanctus
482 2781 658 2847 Seuerinus
680 2783 743 2848 fide
767 2789 972 2869 susceperat,
1002 2783 1043 2848 de
1065 2783 1225 2847 Lauriaco
1249 2781 1459 2847 discedentes

352 2867 473 2933 acificis
503 2867 769 2955 dispositionibus
802 2870 835 2934 in
868 2870 995 2955 oppidis
1027 2868 1167 2933 ordinati
1194 2868 1349 2934 beniuola
1384 2887 1460 2932 cum

360 2955 434 3040 ugis
469 2955 624 3020 socictate
652 2955 815 3021 uixerunt.
864 2956 937 3043 ipse
968 2976 1047 3021 uero
1078 2955 1233 3020 Fauianis
1267 2954 1391 3038 degens
1423 2953 1459 3018 in

329 3041 462 3125 antiquo
497 3062 555 3105 suo
581 3042 778 3107 monasterio
805 3063 868 3107 nec
895 3041 1072 3108 admonere
1103 3043 1243 3128 populos
1270 3061 1332 3106 nce
1360 3060 1457 3126 prae·
1476 3061 1505 3102 so

415 3299 569 3367 Ilurco).
587 3299 774 3368 umora).
793 3298 993 3367 aarum).
1011 3299 1125 3369 alvom·
1136 3297 1258 3367 uasa).

415 3548 641 3612 lmatuninnsM,
659 3549 786 3600 maturius
797 3546 842 3614 Μ,
860 3550 995 3601 matutinis
1006 3547 1047 3599 Ab
1093 3546 1239 3616 crgo]usro
1253 3547 1300 3600 OG
1381 3545 1462 3600 tita-

329 3615 389 3684 qus]
410 3619 491 3686 igitur
511 3617 588 3684 ΒΜ,
616 3634 663 3669 om.
681 3617 740 3668 ΒΜ
838 3615 923 3670 4tibi
945 3619 1030 3684 inquit
1052 3617 1087 3667 Μ
1168 3615 1186 3668 6
1207 3615 1342 3683 beneficia]
1363 3618 1462 3669 miseri-

328 3688 416 3740 cordia
432 3687 463 3738 K
558 3685 661 3751 ltuus]
681 3686 772 3752 ΜΒ,
791 3703 838 3738 om.
852 3685 890 3737 II
951 3704 979 3740 se
996 3684 1070 3753 freq.]
1093 3685 1155 3737 LR
1178 3687 1225 3751 (aie
1241 3683 1341 3752 waffl,
1364 3702 1392 3738 se
1409 3703 1461 3738 om.

325 3756 406 3825 ,Rvim-
414 3754 454 3821 1)),
480 3757 544 3821 freq.
564 3772 592 3807 ss
609 3755 649 3808 II.
664 3754 783 3819 Rvsmr),
810 3754 915 3822 freed
1015 3752 1204 3822 8inconsulto]
1231 3756 1413 3822 inconsumpto
1432 3753 1467 3805 N

330 3823 363 3876 13
380 3839 413 3876 ac
435 3823 622 3891 thoringorum]
645 3831 692 3876 aut
714 3825 896 3891 thuringorum
912 3823 938 3874 B
1042 3822 1119 3879 14115
1140 3825 1184 3875 uel
1204 3825 1289 3892 gladio
1313 3832 1345 3875 tr.
1362 3831 1409 3875 aut
1431 3825 1461 3874 in

329 3893 463 3945 seruitium
492 3891 538 3956 (sic
561 3892 677 3958 OGSR2,
704 3895 809 3945 seruitio
826 3892 981 3959 LKRwrm,
1009 3894 1163 3945 seruitutem
1185 3893 1243 3957 IN,
1277 3894 1403 3945 seruitute
1422 3891 1459 3954 Α)

329 3963 411 4028 redigi
428 3979 476 4014 om.
494 3961 529 4011 Μ
612 3960 645 4013 16
662 3959 781 4028 debcant]
804 3961 890 4025 Lau,
914 3964 1009 4015 debent
1026 3962 1065 4013 ΙΙ
1111 3960 1163 4030 cui]
1188 3979 1248 4014 cum
1265 3961 1307 4014 A*
1359 3958 1462 4028 christi]

329 4031 371 4083 dei
391 4030 426 4080 Μ
510 4027 544 4082 18
566 4032 723 4097 praedonum
745 4031 791 4081 M*
878 4029 910 4082 19
932 4032 1049 4098 obsequii
1078 4030 1127 4083 Ro
1183 4058 1185 4062 v
1212 4029 1247 4082 22
1268 4032 1338 4084 enim
1362 4048 1411 4082 om.
1436 4029 1468 4080 N

329 4099 364 4152 23
381 4097 433 4166 me]
451 4100 480 4151 in
497 4116 538 4152 me
553 4099 586 4149 N
666 4097 701 4152 24
718 4102 798 4152 faciat
815 4099 851 4149 Μ
931 4099 966 4152 25
982 4098 1114 4167 modestis]
1136 4100 1250 4152 molestis
1265 4097 1358 4151 ΜΒΓ
1389 4117 1464 4152 exer-

330 4168 444 4221 citnsL²
495 4168 523 4218 in
540 4167 627 4220 orari
703 4166 741 4220 271
754 4171 864 4221 disoetss
879 4169 919 4220 [¹⁷⁸
995 4167 1031 4221 28
1047 4171 1082 4236 cf.
1097 4169 1176 4220 {adca
1193 4171 1271 4232 9,13:
1289 4170 1416 4235 quomodo
1434 4170 1463 4219 in

330 4255 377 4290 sua
393 4239 444 4290 fide
460 4238 568 4305 populos
581 4253 656 4290 susce
674 4239 722 4290 erit
741 4246 771 4290 ut
788 4255 831 4290 eos
847 4239 879 4290 ad
896 4239 1018 4290 inferiora
1029 4239 1123 4306 oppida
1140 4239 1167 4289 id
1183 4245 1223 4290 est
1236 4240 1318 4305 Rugis
1335 4238 1464 4290 viciniora

329 4309 465 4360 deduceret
537 4304 572 4358 29
589 4255 673 4374 rugisl
688 4308 756 4374 regis
772 4306 827 4358 NA
878 4309 987 4360 fauianis
1003 4326 1026 4360 υ.
1044 4307 1081 4359 ad
1093 4324 1123 4373 p.
1138 4311 1188 4372 6,7
