3384 5142
599 425 635 480 Π.
652 423 752 479 LIBRI
770 423 921 480 SORIP'I'I.
1278 425 1345 480 XIX

295 595 657 679 Klosterneuburpensis
678 598 870 663 monasterii.
920 597 1090 679 Epistulae
1119 597 1346 681 Eupippranm
1362 619 1399 669 35

199 685 459 766 praescribitur:
480 683 592 769 incipit
614 685 753 770 epistola
767 685 877 770 Egipii
897 685 932 749 in
947 687 1045 750 vitam
1068 686 1170 749 sancti
1187 686 1344 752 Severini.

209 771 379 835 Pascbasii
407 769 544 851 epistula
565 773 818 853 praescriptione
847 777 942 837 caret.
988 770 1150 852 spumea
1171 772 1344 839 1112111111-
1445 799 1452 806 ·

206 859 345 922 nasterii
367 857 630 923 bibliothecarius.

475 1027 663 1096 OLASSIS
684 1028 743 1094 RH
764 1029 897 1111 (absunt
916 1028 1087 1104 rubricae).

296 1149 500 1213 Monacensis
519 1169 550 1214 n.
568 1152 653 1211 1044
669 1152 726 1229 (=
742 1148 926 1213 Bucaricus
940 1150 1094 1232 44)1111.
1112 1150 1171 1216 XI
1182 1151 1262 1234 (non
1276 1150 1342 1229 IX,
1355 1161 1399 1216 ps

202 1240 245 1299 ut
266 1240 362 1299 antea
378 1235 619 1316 perbibebatur)
640 1237 778 1300 continet
791 1235 1011 1316 quaternionis
1025 1237 1124 1300 unius
1143 1237 1223 1318 folia
1233 1239 1345 1318 prima

201 1327 425 1404 postremaque
446 1322 536 1400 bina,
563 1322 646 1386 inter
672 1342 754 1403 quae
775 1321 856 1401 folia
884 1321 952 1386 alra
973 1327 1124 1404 quattuor
1145 1324 1345 1402 ecciderunt·

207 1408 302 1472 babet
316 1407 434 1472 scilicet
451 1409 479 1492 f.
495 1412 515 1470 1
538 1439 578 1462 =
599 1411 664 1486 1‚1
687 1459 695 1474 .
712 1457 720 1472 .
738 1456 745 1472 .
770 1408 799 1486 5,
815 1412 858 1472 16
879 1429 944 1473 non
967 1409 1103 1473 desistes
1118 1409 1199 1490 -fi
1215 1413 1238 1474 2
1258 1430 1344 1474 mar-

207 1494 280 1575 pine
294 1495 454 1574 superiore
468 1499 581 1558 resecto
597 1527 637 1550 =
654 1496 738 1577 11,9
758 1494 836 1559 fidei
859 1544 867 1559 .
885 1546 891 1561 .
909 1543 917 1558 .
941 1497 992 1573 13,
1005 1498 1048 1560 12
1058 1496 1162 1646 plebs
1184 1501 1214 1560 et
1235 1499 1286 1574 13,
1301 1498 1344 1561 20

208 1587 244 1644 ta
266 1581 360 1644 fumis
383 1631 389 1646 .
407 1629 415 1644 .
433 1630 439 1644 .
457 1584 507 1658 14,
519 1583 561 1643 30
578 1582 701 1667 ceperis
719 1619 760 1630 —
777 1583 802 1662 t.
818 1584 840 1644 3
855 1613 896 1636 =
912 1580 964 1658 25,
976 1583 1056 1646 2811
1081 1584 1111 1646 ei
1127 1584 1266 1647 clamore
1285 1631 1292 1646 .
1310 1631 1317 1646 .
1335 1629 1343 1646 .

207 1668 261 1743 28,
272 1669 315 1732 28
326 1666 497 1731 devotione
511 1703 553 1714 -—
560 1666 589 1752 f.
601 1671 670 1730 4=
682 1671 735 1746 28,
745 1670 789 1732 28
803 1668 977 1733 servabant
992 1716 1019 1732 ..
1033 1716 1041 1730 .
1057 1671 1163 1769 3213
1173 1670 1345 1771 presbyter

202 1753 300 1818 haec.
340 1752 576 1818 Praescribitur
657 1754 743 1818 tubae
756 1753 1004 1836 Eupippianae:
1024 1754 1059 1818 in
1077 1775 1207 1819 nomme
1223 1756 1345 1820 domim

209 1841 322 1926 incipit
333 1841 400 1903 vite
415 1841 517 1904 sancti
532 1860 571 1904 ee
581 1774 823 1927 iliirerebilisll
842 1840 991 1906 Severini
1005 1841 1210 1906 confessoris:
1232 1843 1344 1928 incipit

208 1943 347 2028 epistole
358 1943 490 2029 Eugipii
499 1945 577 2092 pbri
593 1943 635 2007 ed
647 1933 859 2044 Mesobesium
874 1943 1053 2008 diaconum.
1093 1943 1226 2008 Variam
1240 1943 1344 2010 lectio·

207 2051 280 2093 nem
301 2030 456 2094 dederunt
470 2051 497 2111 p
510 2051 601 2095 enom
615 2029 785 2094 Friedrich
808 2031 880 2112 (sub
901 2037 978 2094 nota
992 2030 1052 2114 A⁸)
1076 2035 1105 2094 et
1126 2030 1254 2115 Sauppe
1272 2030 1344 2115 (sub

206 2122 285 2180 nota
299 2114 346 2200 D)
361 2118 398 2181 in
413 2117 603 2182 editionibus
624 2116 715 2196 infra
737 2115 888 2181 laudatis.
935 2116 1087 2180 Tractaoi
1107 2117 1184 2198 ipse.

293 2219 499 2284 Monacensis
522 2219 675 2298 18512,2
697 2229 752 2302 (=
777 2219 1014 2302 Tepemseensis
1036 2219 1109 2298 512,
1124 2222 1170 2303 2),
1192 2240 1272 2286 saec.
1288 2219 1347 2284 XI
1360 2226 1402 2281 Rs

200 2309 237 2367 ct
259 2305 338 2385 ipse,
370 2307 496 2371 omnino
518 2307 694 2386 descriptus
722 2311 768 2370 cst
796 2327 836 2371 ecc
865 2328 898 2370 eo
920 2307 978 2387 qui
992 2307 1158 2386 praecedit
1179 2307 1344 2371 etiamtum

208 2392 338 2472 integrm,
361 2413 458 2473 quam
472 2393 508 2457 ob
530 2414 595 2456 rem
612 2397 742 2476 praeter
756 2392 941 2473 particulas
963 2413 1025 2471 eos,
1048 2395 1094 2457 ad
1105 2414 1188 2474 quas
1203 2394 1344 2458 omnium

201 2476 360 2541 librorum
375 2500 514 2543 meorum
535 2478 677 2544 lectiones
692 2480 856 2560 preposui,
878 2479 1206 2558 mundaturum
1228 2479 1344 2545 librum

199 2565 320 2642 spreoi.
367 2565 477 2646 Neque
499 2565 635 2646 epistula
656 2565 865 2647 Eupippiana
886 2585 943 2630 nec
968 2568 1035 2630 cita
1060 2567 1343 2648 praescriptionem

207 2649 340 2728 babent;
355 2651 437 2714 citae
450 2652 674 2715 subscribitur:
690 2653 821 2737 explicit
831 2653 899 2716 vita
913 2654 1014 2716 sancti
1027 2653 1187 2728 Severini;
1200 2651 1342 2718 Pascba·
1446 2692 1452 2706 ·

85 2768 88 2774 ·
206 2736 320 2799 simiae
349 2737 501 2816 epistulae
520 2739 769 2818 praescribitur:
795 2739 908 2824 incipit
934 2740 1126 2825 rescriptum
1152 2743 1254 2805 sancti
1276 2738 1341 2805 Pa·

201 2821 327 2886 sehesii
358 2823 485 2887 diaconi
513 2822 555 2887 ed
582 2824 756 2909 Eugipium
783 2825 1009 2910 presbiterum.
1061 2825 1144 2891 Usus
1169 2831 1215 2890 est
1244 2845 1278 2892 eo
1299 2829 1344 2892 ad

207 2909 374 2972 editionem
394 2931 487 2974 suam
501 2909 671 2974 Friedricb
687 2912 758 2994 (sub
779 2916 856 2974 nota
870 2909 941 2996 ΑΟ).
987 2910 1138 2976 Praetaui
1158 2912 1234 2994 ipse.

295 3013 500 3078 Monacensis
526 3037 556 3079 11.
573 3018 680 3078 14031
710 3037 789 3081 saec.
806 3015 863 3079 XI
882 3013 1072 3099 fidi—36,
1102 3023 1197 3082 autea
1219 3018 1397 3086 >Ratis-1311*

207 3099 353 3163 bonensis
375 3100 409 3165 S.
432 3101 626 3166 Emmeromi
647 3102 680 3166 A
694 3105 746 3178 31,
769 3102 814 3164 ad
833 3123 924 3182 quem
946 3101 1060 3166 librum
1076 3105 1248 3185 praecipue
1270 3107 1343 3187 (ad

207 3185 311 3249 bibuit
331 3193 497 3266 praetereo
524 3189 690 3252 editionem
719 3187 909 3272 Surianam)
935 3189 1034 3253 citum
1062 3190 1161 3254 edidit
1186 3190 1343 3258 Welserus

207 3272 272 3354 (ita
295 3272 447 3353 deficiunt
468 3280 498 3338 et
519 3275 556 3338 in
576 3275 680 3340 codice
707 3279 737 3338 et
761 3277 797 3338 in
819 3275 954 3339 editione
976 3279 1026 3354 11,
1043 3275 1062 3338 5
1082 3277 1182 3340 norici
1203 3283 1233 3341 ct
1253 3277 1344 3357 45,2

207 3379 361 3424 exorasse
393 3360 566 3442 tabentque
596 3365 727 3442 uterque
753 3363 810 3439 36,
826 3364 868 3423 30
895 3361 1056 3438 biennius3
1091 3363 1225 3445 denique
1250 3365 1342 3441 23,9

206 3466 300 3509 suam
330 3448 575 3512 emendationem
607 3449 672 3527 ipsi
700 3447 777 3512 libro
800 3446 959 3513 Welserus
988 3449 1149 3530 inseruit).
1209 3450 1254 3514 Ia
1284 3451 1343 3515 boc

206 3532 310 3596 codice
331 3534 428 3596 citam
444 3535 617 3615 praecedit,
640 3538 678 3597 ut
699 3534 788 3613 opud
808 3533 990 3611 Welserum,
1012 3535 1150 3615 epistula
1171 3534 1343 3602 Pascbasii

203 3620 454 3699 praescriptione
482 3619 589 3698 nulla;
616 3621 759 3701 sequitur
785 3621 851 3684 oita
877 3622 935 3686 sub
963 3622 1054 3685 titulo
1081 3622 1194 3707 incipit
1220 3625 1287 3688 vite
1315 3646 1340 3689 s.

208 3701 354 3768 Severini
390 3707 618 3788 subscriptione
659 3727 786 3785 careus,·
822 3707 958 3790 epistula
998 3708 1206 3790 Eupippiaua
1244 3712 1338 3776 abest.

209 3787 360 3854 Tractaoi
381 3793 456 3872 ipse.

301 3875 547 3942 Vindobonensis
567 3901 599 3943 n.
613 3882 697 3942 1064
720 3879 835 3960 (usque
856 3879 901 3942 ad
920 3897 952 3941 a.
968 3880 1054 3943 1807
1075 3879 1219 3946 ecclesiae
1234 3883 1336 3946 catbe-
1350 3893 1399 3944 B*

208 3958 311 4024 dralis
343 3963 591 4046 Salisburpeusis
618 3987 650 4029 n.
670 3965 750 4047 225)
781 3985 862 4031 saec.
884 3964 967 4031 ΧΠ.
1033 3966 1196 4047 Quaedam
1232 3971 1340 4049 capita

208 4046 282 4112 inde
314 4049 413 4113 edidit
444 4051 635 4134 Kleimapru
662 4051 881 4115 Nechrichten
910 4072 975 4115 von
1007 4051 1141 4118 Iuvevie
1173 4052 1340 4138 (Salrburp

208 4135 309 4218 1784)
343 4155 414 4216 opp.
437 4157 472 4216 p.
493 4140 605 4218 Iscq.;
631 4137 837 4219 peoprapbica
872 4136 1059 4203 Gumanice
1090 4141 1252 4221 adscripta
1282 4142 1338 4223 (cf.

208 4220 298 4300 infra
312 4242 347 4300 p.
362 4221 497 4297 XXIV)
512 4223 613 4287 relata
634 4228 711 4286 sumt
723 4223 813 4304 apud
826 4223 1017 4289 Knoellium.
1042 4263 1080 4272 -
1104 4226 1341 4292 Praescribitur

207 4307 359 4385 epistulae
377 4309 618 4390 Eupippianae:
640 4310 751 4394 incipit
775 4311 912 4395 epistole
931 4311 1083 4397 Eugippii
1104 4314 1275 4398 presbiteri
1297 4315 1339 4379 de

198 4394 273 4458 avita
290 4397 391 4461 sancti
403 4395 549 4461 Severini
564 4396 690 4461 abbatis
706 4397 749 4460 cd
760 4396 947 4462 Pescssium
963 4397 1147 4474 diaconum
1170 4401 1341 4465 subscribi·

1141 4501 1185 4556 ΙΙ*
