<?xml version="1.0" encoding="UTF-8"?>
<!DOCTYPE html PUBLIC "-//W3C//DTD XHTML 1.0 Transitional//EN"
    "http://www.w3.org/TR/xhtml1/DTD/xhtml1-transitional.dtd">
<html xmlns="http://www.w3.org/1999/xhtml" xml:lang="en" lang="en">
 <head>
  <title>
</title>
<meta http-equiv="Content-Type" content="text/html;charset=utf-8" />
  <meta name='ocr-system' content='tesseract 3.04.00' />
  <meta name='ocr-capabilities' content='ocr_page ocr_carea ocr_par ocr_line ocrx_word'/>
</head>
<body>
  <div class='ocr_page' id='page_1' title='image "./evgippiivitasev00mommgoog/evgippiivitasev00mommgoog_0011.png"; bbox 0 0 3384 5142; ppageno 0'>
   <div class='ocr_carea' id='block_1_1' title="bbox 393 371 1374 452">
    <p class='ocr_par' dir='ltr' id='par_1_1' title="bbox 393 371 1374 452">
     <span class='ocr_line' id='line_1_1' title="bbox 393 371 1374 452; baseline 0.003 -27"><span class='ocrx_word' id='word_1_1' title='bbox 393 447 395 452; x_wconf 17' lang='grc' dir='ltr'>ι</span> <span class='ocrx_word' id='word_1_2' title='bbox 529 371 551 428; x_wconf 92' lang='grc' dir='ltr'><strong><em>Ι.</em></strong></span> <span class='ocrx_word' id='word_1_3' title='bbox 567 371 615 428; x_wconf 80' lang='lat' dir='ltr'><strong><em>Du</em></strong></span> <span class='ocrx_word' id='word_1_4' title='bbox 634 371 819 428; x_wconf 79' lang='lat' dir='ltr'><strong><em>suvnnluo</em></strong></span> <span class='ocrx_word' id='word_1_5' title='bbox 837 371 887 428; x_wconf 82' lang='grc' dir='ltr'><strong><em>ΕΤ</em></strong></span> <span class='ocrx_word' id='word_1_6' title='bbox 904 371 1085 429; x_wconf 82' lang='lat' dir='ltr'>EVGIPPIO.</span> <span class='ocrx_word' id='word_1_7' title='bbox 1319 374 1374 428; x_wconf 82' lang='lat' dir='ltr'><strong><em>vn</em></strong></span> 
     </span>
    </p>
   </div>
   <div class='ocr_carea' id='block_1_2' title="bbox 176 544 1381 1407">
    <p class='ocr_par' dir='ltr' id='par_1_2' title="bbox 176 544 1381 1407">
     <span class='ocr_line' id='line_1_2' title="bbox 232 544 1374 633; baseline -0.002 -21"><span class='ocrx_word' id='word_1_8' title='bbox 232 561 354 632; x_wconf 75' lang='lat' dir='ltr'><strong><em>segem·</em></strong></span> <span class='ocrx_word' id='word_1_9' title='bbox 373 544 432 610; x_wconf 92' lang='lat' dir='ltr'><strong><em>sub</em></strong></span> <span class='ocrx_word' id='word_1_10' title='bbox 445 544 509 633; x_wconf 88' lang='lat' dir='ltr'><strong><em>die</em></strong></span> <span class='ocrx_word' id='word_1_11' title='bbox 533 544 631 610; x_wconf 87' lang='lat' dir='ltr'>XVII</span> <span class='ocrx_word' id='word_1_12' title='bbox 652 545 685 609; x_wconf 88' lang='lat' dir='ltr'><strong><em>k.</em></strong></span> <span class='ocrx_word' id='word_1_13' title='bbox 707 544 800 628; x_wconf 79' lang='lat' dir='ltr'><strong><em>Dea,</em></strong></span> <span class='ocrx_word' id='word_1_14' title='bbox 822 551 853 610; x_wconf 91' lang='lat' dir='ltr'><strong><em>et</em></strong></span> <span class='ocrx_word' id='word_1_15' title='bbox 874 567 989 611; x_wconf 88' lang='lat' dir='ltr'><strong><em>rursus</em></strong></span> <span class='ocrx_word' id='word_1_16' title='bbox 1010 545 1095 610; x_wconf 87' lang='lat' dir='ltr'><strong><em>alia:</em></strong></span> <span class='ocrx_word' id='word_1_17' title='bbox 1118 544 1291 612; x_wconf 80' lang='lat' dir='ltr'><strong><em>Odoachar</em></strong></span> <span class='ocrx_word' id='word_1_18' title='bbox 1311 566 1374 610; x_wconf 84' lang='lat' dir='ltr'><strong><em>rex</em></strong></span> 
     </span>
     <span class='ocr_line' id='line_1_3' title="bbox 232 631 1370 718; baseline 0 -20"><span class='ocrx_word' id='word_1_19' title='bbox 232 633 339 718; x_wconf 78' lang='lat' dir='ltr'>gessit</span> <span class='ocrx_word' id='word_1_20' title='bbox 361 632 485 697; x_wconf 91' lang='lat' dir='ltr'><strong><em>bellum</em></strong></span> <span class='ocrx_word' id='word_1_21' title='bbox 508 631 664 698; x_wconf 84' lang='lat' dir='ltr'><strong><em>adversus</em></strong></span> <span class='ocrx_word' id='word_1_22' title='bbox 679 631 801 716; x_wconf 88' lang='lat' dir='ltr'><strong><em>Rugos,</em></strong></span> <span class='ocrx_word' id='word_1_23' title='bbox 827 653 908 718; x_wconf 88' lang='lat' dir='ltr'><strong><em>quos</em></strong></span> <span class='ocrx_word' id='word_1_24' title='bbox 928 633 962 697; x_wconf 94' lang='lat' dir='ltr'><strong><em>in</em></strong></span> <span class='ocrx_word' id='word_1_25' title='bbox 985 632 1126 698; x_wconf 87' lang='lat' dir='ltr'><strong><em>secundo</em></strong></span> <span class='ocrx_word' id='word_1_26' title='bbox 1149 634 1227 698; x_wconf 85' lang='lat' dir='ltr'><strong><em>vicit</em></strong></span> <span class='ocrx_word' id='word_1_27' title='bbox 1248 637 1283 698; x_wconf 88' lang='lat' dir='ltr'><strong><em>et</em></strong></span> <span class='ocrx_word' id='word_1_28' title='bbox 1296 633 1370 698; x_wconf 84' lang='lat' dir='ltr'><strong><em>fun-</em></strong></span> 
     </span>
     <span class='ocr_line' id='line_1_4' title="bbox 236 718 1374 799; baseline 0 -15"><span class='ocrx_word' id='word_1_29' title='bbox 236 719 323 784; x_wconf 88' lang='lat' dir='ltr'><strong><em>ditus</em></strong></span> <span class='ocrx_word' id='word_1_30' title='bbox 354 718 484 784; x_wconf 85' lang='lat' dir='ltr'><strong><em>delevit.</em></strong></span> <span class='ocrx_word' id='word_1_31' title='bbox 528 718 662 784; x_wconf 83' lang='lat' dir='ltr'><strong><em>Annum</em></strong></span> <span class='ocrx_word' id='word_1_32' title='bbox 683 721 749 782; x_wconf 83' lang='grc'><strong><em>487</em></strong></span> <span class='ocrx_word' id='word_1_33' title='bbox 773 719 883 799; x_wconf 74' lang='lat' dir='ltr'><strong><em>firmat</em></strong></span> <span class='ocrx_word' id='word_1_34' title='bbox 917 718 1124 784; x_wconf 66' lang='lat' dir='ltr'><strong><em>Cassiodorus</em></strong></span> <span class='ocrx_word' id='word_1_35' title='bbox 1151 720 1189 784; x_wconf 88' lang='lat' dir='ltr'><strong><em>in</em></strong></span> <span class='ocrx_word' id='word_1_36' title='bbox 1216 720 1374 784; x_wconf 77' lang='lat' dir='ltr'><strong><em>chronicis</em></strong></span> 
     </span>
     <span class='ocr_line' id='line_1_5' title="bbox 236 803 1372 892; baseline 0.003 -23"><span class='ocrx_word' id='word_1_37' title='bbox 236 805 359 885; x_wconf 85' lang='lat' dir='ltr'><strong><em>(ebron.</em></strong></span> <span class='ocrx_word' id='word_1_38' title='bbox 382 805 458 870; x_wconf 91' lang='lat' dir='ltr'><strong><em>min.</em></strong></span> <span class='ocrx_word' id='word_1_39' title='bbox 479 803 738 885; x_wconf 80' lang='lat' dir='ltr'><strong><em>ool.2p.159):</em></strong></span> <span class='ocrx_word' id='word_1_40' title='bbox 769 805 831 870; x_wconf 90' lang='lat' dir='ltr'><strong><em>hoc</em></strong></span> <span class='ocrx_word' id='word_1_41' title='bbox 854 826 942 871; x_wconf 90' lang='lat' dir='ltr'><strong><em>cons.</em></strong></span> <span class='ocrx_word' id='word_1_42' title='bbox 965 804 1136 872; x_wconf 85' lang='lat' dir='ltr'><strong><em>Odovacer</em></strong></span> <span class='ocrx_word' id='word_1_43' title='bbox 1156 805 1271 871; x_wconf 81' lang='lat' dir='ltr'><strong><em>Foebe</em></strong></span> <span class='ocrx_word' id='word_1_44' title='bbox 1292 827 1372 892; x_wconf 88' lang='lat' dir='ltr'><strong><em>rege</em></strong></span> 
     </span>
     <span class='ocr_line' id='line_1_6' title="bbox 236 891 1374 978; baseline -0.001 -20"><span class='ocrx_word' id='word_1_45' title='bbox 236 891 406 978; x_wconf 77' lang='lat' dir='ltr'><strong><em>Rugosum</em></strong></span> <span class='ocrx_word' id='word_1_46' title='bbox 428 893 513 958; x_wconf 87' lang='lat' dir='ltr'><strong><em>victo</em></strong></span> <span class='ocrx_word' id='word_1_47' title='bbox 537 912 576 956; x_wconf 89' lang='grc'><strong><em>55</em></strong></span> <span class='ocrx_word' id='word_1_48' title='bbox 600 897 698 976; x_wconf 91' lang='lat' dir='ltr'><strong><em>toque</em></strong></span> <span class='ocrx_word' id='word_1_49' title='bbox 713 892 835 976; x_wconf 89' lang='lat' dir='ltr'><strong><em>potitus</em></strong></span> <span class='ocrx_word' id='word_1_50' title='bbox 851 897 910 956; x_wconf 87' lang='lat' dir='ltr'><strong><em>est.</em></strong></span> <span class='ocrx_word' id='word_1_51' title='bbox 954 891 1110 957; x_wconf 86' lang='lat' dir='ltr'><strong><em>Reuooati</em></strong></span> <span class='ocrx_word' id='word_1_52' title='bbox 1124 892 1195 957; x_wconf 88' lang='lat' dir='ltr'><strong><em>belli</em></strong></span> <span class='ocrx_word' id='word_1_53' title='bbox 1212 913 1235 957; x_wconf 91' lang='lat' dir='ltr'><strong><em>a</em></strong></span> <span class='ocrx_word' id='word_1_54' title='bbox 1249 893 1374 958; x_wconf 85' lang='lat' dir='ltr'><strong><em>Feooae</em></strong></span> 
     </span>
     <span class='ocr_line' id='line_1_7' title="bbox 231 913 1373 1071; baseline 0 -27"><span class='ocrx_word' id='word_1_55' title='bbox 231 978 305 1060; x_wconf 82' lang='lat' dir='ltr'><strong><em>Jilio</em></strong></span> <span class='ocrx_word' id='word_1_56' title='bbox 327 977 496 1071; x_wconf 87' lang='lat' dir='ltr'><strong><em>Frederico</em></strong></span> <span class='ocrx_word' id='word_1_57' title='bbox 522 982 552 1042; x_wconf 91' lang='lat' dir='ltr'><strong><em>et</em></strong></span> <span class='ocrx_word' id='word_1_58' title='bbox 572 913 668 1060; x_wconf 69' lang='lat' dir='ltr'><strong><em>lupae</em></strong></span> <span class='ocrx_word' id='word_1_59' title='bbox 690 978 788 1042; x_wconf 86' lang='lat' dir='ltr'><strong><em>buius</em></strong></span> <span class='ocrx_word' id='word_1_60' title='bbox 810 977 855 1042; x_wconf 91' lang='lat' dir='ltr'><strong><em>ad</em></strong></span> <span class='ocrx_word' id='word_1_61' title='bbox 866 977 1105 1066; x_wconf 5' lang='lat' dir='ltr'><strong><em>&#39;Tmoouaum</em></strong></span> <span class='ocrx_word' id='word_1_62' title='bbox 1126 979 1283 1062; x_wconf 80' lang='lat' dir='ltr'><strong><em>depentmn</em></strong></span> <span class='ocrx_word' id='word_1_63' title='bbox 1304 985 1373 1044; x_wconf 92' lang='lat' dir='ltr'><strong><em>tam</em></strong></span> 
     </span>
     <span class='ocr_line' id='line_1_8' title="bbox 235 1063 1372 1147; baseline 0 -17"><span class='ocrx_word' id='word_1_64' title='bbox 235 1065 328 1146; x_wconf 85' lang='lat' dir='ltr'><strong><em>apud</em></strong></span> <span class='ocrx_word' id='word_1_65' title='bbox 349 1064 456 1130; x_wconf 89' lang='lat' dir='ltr'><strong><em>Nooas</em></strong></span> <span class='ocrx_word' id='word_1_66' title='bbox 478 1063 545 1146; x_wconf 90' lang='grc'><em>(52,</em></span> <span class='ocrx_word' id='word_1_67' title='bbox 556 1067 614 1142; x_wconf 91' lang='grc'><strong><em>26)</em></strong></span> <span class='ocrx_word' id='word_1_68' title='bbox 636 1084 723 1129; x_wconf 88' lang='lat' dir='ltr'><strong><em>unns</em></strong></span> <span class='ocrx_word' id='word_1_69' title='bbox 744 1063 930 1147; x_wconf 70' lang='lat' dir='ltr'><strong><em>Eupuopius</em></strong></span> <span class='ocrx_word' id='word_1_70' title='bbox 949 1065 1109 1142; x_wconf 90' lang='lat' dir='ltr'><strong><em>meminit,·</em></strong></span> <span class='ocrx_word' id='word_1_71' title='bbox 1129 1065 1186 1130; x_wconf 88' lang='lat' dir='ltr'><strong><em>sed</em></strong></span> <span class='ocrx_word' id='word_1_72' title='bbox 1205 1086 1278 1130; x_wconf 92' lang='lat' dir='ltr'><strong><em>cum</em></strong></span> <span class='ocrx_word' id='word_1_73' title='bbox 1299 1085 1372 1130; x_wconf 82' lang='grc'><em>555·</em></span> 
     </span>
     <span class='ocr_line' id='line_1_9' title="bbox 230 1150 1372 1232; baseline 0 -16"><span class='ocrx_word' id='word_1_74' title='bbox 230 1156 297 1216; x_wconf 86' lang='lat' dir='ltr'><strong><em>stet</em></strong></span> <span class='ocrx_word' id='word_1_75' title='bbox 321 1150 562 1228; x_wconf 78' lang='lat' dir='ltr'><strong><em>Theodericum,</em></strong></span> <span class='ocrx_word' id='word_1_76' title='bbox 591 1155 709 1216; x_wconf 86' lang='lat' dir='ltr'><strong><em>motam</em></strong></span> <span class='ocrx_word' id='word_1_77' title='bbox 736 1151 805 1216; x_wconf 90' lang='lat' dir='ltr'><strong><em>sine</em></strong></span> <span class='ocrx_word' id='word_1_78' title='bbox 831 1151 927 1215; x_wconf 89' lang='lat' dir='ltr'><strong><em>dubio</em></strong></span> <span class='ocrx_word' id='word_1_79' title='bbox 955 1151 1039 1215; x_wconf 87' lang='lat' dir='ltr'><strong><em>inter</em></strong></span> <span class='ocrx_word' id='word_1_80' title='bbox 1060 1150 1129 1215; x_wconf 87' lang='lat' dir='ltr'><strong><em>alia</em></strong></span> <span class='ocrx_word' id='word_1_81' title='bbox 1149 1152 1246 1216; x_wconf 90' lang='lat' dir='ltr'><strong><em>etiam</em></strong></span> <span class='ocrx_word' id='word_1_82' title='bbox 1265 1152 1372 1232; x_wconf 90' lang='lat' dir='ltr'><strong><em>preci-</em></strong></span> 
     </span>
     <span class='ocr_line' id='line_1_10' title="bbox 237 1235 1381 1322; baseline 0 -20"><span class='ocrx_word' id='word_1_83' title='bbox 237 1235 297 1302; x_wconf 89' lang='lat' dir='ltr'><strong><em>bus</em></strong></span> <span class='ocrx_word' id='word_1_84' title='bbox 327 1237 492 1302; x_wconf 84' lang='lat' dir='ltr'><strong><em>Frederici</em></strong></span> <span class='ocrx_word' id='word_1_85' title='bbox 517 1236 618 1314; x_wconf 85' lang='lat' dir='ltr'><strong><em>illius,</em></strong></span> <span class='ocrx_word' id='word_1_86' title='bbox 646 1257 668 1299; x_wconf 92' lang='lat' dir='ltr'><strong><em>a</em></strong></span> <span class='ocrx_word' id='word_1_87' title='bbox 694 1236 794 1301; x_wconf 84' lang='lat' dir='ltr'><strong><em>Nonis</em></strong></span> <span class='ocrx_word' id='word_1_88' title='bbox 816 1242 927 1302; x_wconf 88' lang='lat' dir='ltr'><strong><em>contra</em></strong></span> <span class='ocrx_word' id='word_1_89' title='bbox 957 1236 1167 1303; x_wconf 89' lang='lat' dir='ltr'><strong><em>Odooacorem</em></strong></span> <span class='ocrx_word' id='word_1_90' title='bbox 1188 1236 1381 1322; x_wconf 85' lang='lat' dir='ltr'><strong><em>profectum</em></strong></span> 
     </span>
     <span class='ocr_line' id='line_1_11' title="bbox 176 1323 1372 1407; baseline -0.001 -18"><span class='ocrx_word' id='word_1_91' title='bbox 176 1387 178 1389; x_wconf 82' lang='grc'><strong>,</strong></span> <span class='ocrx_word' id='word_1_92' title='bbox 235 1323 372 1390; x_wconf 82' lang='lat' dir='ltr'><strong><em>Italiam</em></strong></span> <span class='ocrx_word' id='word_1_93' title='bbox 392 1323 546 1388; x_wconf 87' lang='lat' dir='ltr'><strong><em>inoosisse</em></strong></span> <span class='ocrx_word' id='word_1_94' title='bbox 567 1344 597 1387; x_wconf 89' lang='lat' dir='ltr'><strong><em>a.</em></strong></span> <span class='ocrx_word' id='word_1_95' title='bbox 613 1323 686 1400; x_wconf 97' lang='grc'><em>489,</em></span> <span class='ocrx_word' id='word_1_96' title='bbox 708 1323 848 1388; x_wconf 86' lang='lat' dir='ltr'><strong><em>secanda</em></strong></span> <span class='ocrx_word' id='word_1_97' title='bbox 862 1323 1019 1403; x_wconf 70' lang='lat' dir='ltr'><strong><em>expeditio</em></strong></span> <span class='ocrx_word' id='word_1_98' title='bbox 1029 1323 1237 1407; x_wconf 67' lang='lat' dir='ltr'><strong><em>probabiliter</em></strong></span> <span class='ocrx_word' id='word_1_99' title='bbox 1257 1324 1372 1405; x_wconf 73' lang='lat' dir='ltr'><strong><em>refere-</em></strong></span> 
     </span>
    </p>
   </div>
   <div class='ocr_carea' id='block_1_3' title="bbox 150 1407 1493 1562">
    <p class='ocr_par' dir='ltr' id='par_1_3' title="bbox 150 1407 1493 1562">
     <span class='ocr_line' id='line_1_12' title="bbox 232 1407 1493 1476; baseline 0.002 -4"><span class='ocrx_word' id='word_1_100' title='bbox 232 1414 294 1474; x_wconf 83' lang='lat' dir='ltr'><strong><em>tur</em></strong></span> <span class='ocrx_word' id='word_1_101' title='bbox 317 1410 361 1474; x_wconf 91' lang='lat' dir='ltr'><strong><em>ad</em></strong></span> <span class='ocrx_word' id='word_1_102' title='bbox 382 1429 412 1476; x_wconf 91' lang='lat' dir='ltr'><strong><em>a.</em></strong></span> <span class='ocrx_word' id='word_1_103' title='bbox 428 1411 502 1474; x_wconf 89' lang='grc'><em>488.</em></span> <span class='ocrx_word' id='word_1_104' title='bbox 547 1409 639 1475; x_wconf 80' lang='lat' dir='ltr'><em>Inter</em></span> <span class='ocrx_word' id='word_1_105' title='bbox 664 1409 701 1472; x_wconf 90' lang='lat' dir='ltr'><strong><em>id</em></strong></span> <span class='ocrx_word' id='word_1_106' title='bbox 721 1408 834 1475; x_wconf 88' lang='lat' dir='ltr'><strong><em>bellum</em></strong></span> <span class='ocrx_word' id='word_1_107' title='bbox 862 1414 968 1474; x_wconf 61' lang='lat' dir='ltr'><strong><em>auam</em></strong></span> <span class='ocrx_word' id='word_1_108' title='bbox 993 1415 1024 1474; x_wconf 93' lang='lat' dir='ltr'><strong><em>et</em></strong></span> <span class='ocrx_word' id='word_1_109' title='bbox 1045 1409 1284 1476; x_wconf 77' lang='lat' dir='ltr'><strong><em>translationum</em></strong></span> <span class='ocrx_word' id='word_1_110' title='bbox 1307 1409 1372 1474; x_wconf 84' lang='lat' dir='ltr'><strong><em>Ro-</em></strong></span> <span class='ocrx_word' id='word_1_111' title='bbox 1484 1407 1493 1416; x_wconf 83' lang='grc'><strong>”</strong></span> 
     </span>
     <span class='ocr_line' id='line_1_13' title="bbox 150 1495 1372 1562; baseline 0 -2"><span class='ocrx_word' id='word_1_112' title='bbox 150 1513 151 1518; x_wconf 72' lang='grc'>’</span> <span class='ocrx_word' id='word_1_113' title='bbox 237 1515 406 1561; x_wconf 89' lang='lat' dir='ltr'><strong><em>manorum</em></strong></span> <span class='ocrx_word' id='word_1_114' title='bbox 427 1495 678 1560; x_wconf 82' lang='lat' dir='ltr'><strong><em>Facianensium</em></strong></span> <span class='ocrx_word' id='word_1_115' title='bbox 706 1496 743 1558; x_wconf 87' lang='lat' dir='ltr'><strong><em>in</em></strong></span> <span class='ocrx_word' id='word_1_116' title='bbox 770 1495 904 1561; x_wconf 84' lang='lat' dir='ltr'><strong><em>Italiam</em></strong></span> <span class='ocrx_word' id='word_1_117' title='bbox 929 1495 1133 1561; x_wconf 84' lang='lat' dir='ltr'><strong><em>interuallum</em></strong></span> <span class='ocrx_word' id='word_1_118' title='bbox 1157 1502 1217 1562; x_wconf 89' lang='lat' dir='ltr'><strong><em>aut</em></strong></span> <span class='ocrx_word' id='word_1_119' title='bbox 1245 1495 1372 1561; x_wconf 75' lang='lat' dir='ltr'><strong><em>nnlmm</em></strong></span> 
     </span>
    </p>
   </div>
   <div class='ocr_carea' id='block_1_4' title="bbox 231 1583 1374 1750">
    <p class='ocr_par' dir='ltr' id='par_1_4' title="bbox 231 1583 1374 1750">
     <span class='ocr_line' id='line_1_14' title="bbox 236 1583 1372 1665; baseline 0 -19"><span class='ocrx_word' id='word_1_120' title='bbox 236 1583 304 1662; x_wconf 82' lang='lat' dir='ltr'><strong><em>fait</em></strong></span> <span class='ocrx_word' id='word_1_121' title='bbox 325 1587 384 1646; x_wconf 91' lang='lat' dir='ltr'><strong><em>aut</em></strong></span> <span class='ocrx_word' id='word_1_122' title='bbox 405 1587 486 1648; x_wconf 83' lang='lat' dir='ltr'><strong><em>certe</em></strong></span> <span class='ocrx_word' id='word_1_123' title='bbox 506 1603 571 1647; x_wconf 88' lang='lat' dir='ltr'><strong><em>non</em></strong></span> <span class='ocrx_word' id='word_1_124' title='bbox 591 1601 751 1665; x_wconf 80' lang='lat' dir='ltr'><strong><em>mapnnm.</em></strong></span> <span class='ocrx_word' id='word_1_125' title='bbox 794 1583 869 1649; x_wconf 89' lang='lat' dir='ltr'><strong><em>Iam</em></strong></span> <span class='ocrx_word' id='word_1_126' title='bbox 890 1603 963 1647; x_wconf 91' lang='lat' dir='ltr'><strong><em>cum</em></strong></span> <span class='ocrx_word' id='word_1_127' title='bbox 977 1588 1052 1647; x_wconf 88' lang='lat' dir='ltr'><strong><em>teste</em></strong></span> <span class='ocrx_word' id='word_1_128' title='bbox 1067 1583 1234 1665; x_wconf 81' lang='lat' dir='ltr'><strong><em>bioprapbo</em></strong></span> <span class='ocrx_word' id='word_1_129' title='bbox 1249 1583 1372 1648; x_wconf 85' lang='lat' dir='ltr'><strong><em>Facia-</em></strong></span> 
     </span>
     <span class='ocr_line' id='line_1_15' title="bbox 231 1666 1374 1750; baseline -0.002 -16"><span class='ocrx_word' id='word_1_130' title='bbox 231 1689 349 1734; x_wconf 52' lang='lat' dir='ltr'><strong><em>‘nenses</em></strong></span> <span class='ocrx_word' id='word_1_131' title='bbox 370 1667 478 1744; x_wconf 83' lang='lat' dir='ltr'><strong><em>illiin</em></strong></span> <span class='ocrx_word' id='word_1_132' title='bbox 492 1666 624 1734; x_wconf 74' lang='lat' dir='ltr'><strong><em>Italiam</em></strong></span> <span class='ocrx_word' id='word_1_133' title='bbox 646 1669 820 1734; x_wconf 85' lang='lat' dir='ltr'><strong><em>transituri</em></strong></span> <span class='ocrx_word' id='word_1_134' title='bbox 834 1669 979 1734; x_wconf 78' lang='lat' dir='ltr'><strong><em>Severini</em></strong></span> <span class='ocrx_word' id='word_1_135' title='bbox 999 1689 1120 1750; x_wconf 85' lang='lat' dir='ltr'><strong><em>corpus,</em></strong></span> <span class='ocrx_word' id='word_1_136' title='bbox 1142 1674 1182 1734; x_wconf 90' lang='lat' dir='ltr'><strong><em>ut</em></strong></span> <span class='ocrx_word' id='word_1_137' title='bbox 1202 1690 1274 1734; x_wconf 91' lang='lat' dir='ltr'><strong><em>cnm</em></strong></span> <span class='ocrx_word' id='word_1_138' title='bbox 1292 1669 1374 1750; x_wconf 83' lang='lat' dir='ltr'><strong><em>ipsis</em></strong></span> 
     </span>
    </p>
   </div>
   <div class='ocr_carea' id='block_1_5' title="bbox 232 1751 1539 1840">
    <p class='ocr_par' dir='ltr' id='par_1_5' title="bbox 232 1751 1539 1840">
     <span class='ocr_line' id='line_1_16' title="bbox 232 1751 1539 1840; baseline 0 -21"><span class='ocrx_word' id='word_1_139' title='bbox 232 1755 343 1820; x_wconf 27' lang='lat' dir='ltr'><strong><em>,eodem</em></strong></span> <span class='ocrx_word' id='word_1_140' title='bbox 368 1755 603 1838; x_wconf 77' lang='lat' dir='ltr'><strong><em>deportaretur,</em></strong></span> <span class='ocrx_word' id='word_1_141' title='bbox 631 1751 871 1820; x_wconf 83' lang='lat' dir='ltr'><strong><em>eabumaoorint</em></strong></span> <span class='ocrx_word' id='word_1_142' title='bbox 890 1761 966 1836; x_wconf 88' lang='lat' dir='ltr'><strong><em>post</em></strong></span> <span class='ocrx_word' id='word_1_143' title='bbox 985 1757 1171 1821; x_wconf 72' lang='lat' dir='ltr'><strong><em>sexennium</em></strong></span> <span class='ocrx_word' id='word_1_144' title='bbox 1190 1755 1258 1840; x_wconf 82' lang='grc'><em>(53,</em></span> <span class='ocrx_word' id='word_1_145' title='bbox 1273 1756 1373 1836; x_wconf 69' lang='lat' dir='ltr'><strong><em>ouo),</em></strong></span> <span class='ocrx_word' id='word_1_146' title='bbox 1425 1761 1430 1768; x_wconf 89' lang='lat'>&#39;</span> <span class='ocrx_word' id='word_1_147' title='bbox 1536 1754 1539 1761; x_wconf 83' lang='lat'>&#39;</span> 
     </span>
    </p>
   </div>
   <div class='ocr_carea' id='block_1_6' title="bbox 231 1841 1375 2185">
    <p class='ocr_par' dir='ltr' id='par_1_6' title="bbox 231 1841 1375 2185">
     <span class='ocr_line' id='line_1_17' title="bbox 236 1841 1375 1923; baseline 0 -17"><span class='ocrx_word' id='word_1_148' title='bbox 236 1847 384 1908; x_wconf 78' lang='lat' dir='ltr'><strong><em>mutnus</em></strong></span> <span class='ocrx_word' id='word_1_149' title='bbox 404 1846 452 1906; x_wconf 87' lang='lat' dir='ltr'><strong><em>est</em></strong></span> <span class='ocrx_word' id='word_1_150' title='bbox 472 1841 559 1906; x_wconf 85' lang='lat' dir='ltr'><strong><em>circa</em></strong></span> <span class='ocrx_word' id='word_1_151' title='bbox 581 1862 611 1909; x_wconf 92' lang='lat' dir='ltr'><strong><em>a.</em></strong></span> <span class='ocrx_word' id='word_1_152' title='bbox 626 1843 700 1908; x_wconf 89' lang='grc'><em>482.</em></span> <span class='ocrx_word' id='word_1_153' title='bbox 746 1841 934 1922; x_wconf 89' lang='lat' dir='ltr'><strong><em>Depositum</em></strong></span> <span class='ocrx_word' id='word_1_154' title='bbox 959 1847 1006 1906; x_wconf 88' lang='lat' dir='ltr'><strong><em>est</em></strong></span> <span class='ocrx_word' id='word_1_155' title='bbox 1031 1842 1180 1920; x_wconf 86' lang='lat' dir='ltr'><strong><em>cadauer,</em></strong></span> <span class='ocrx_word' id='word_1_156' title='bbox 1200 1847 1375 1923; x_wconf 78' lang='lat' dir='ltr'><strong><em>postquam</em></strong></span> 
     </span>
     <span class='ocr_line' id='line_1_18' title="bbox 231 1927 1372 2011; baseline 0 -19"><span class='ocrx_word' id='word_1_157' title='bbox 231 1927 439 2010; x_wconf 76' lang='lat' dir='ltr'><strong><em>aliquamdiu</em></strong></span> <span class='ocrx_word' id='word_1_158' title='bbox 460 1929 579 1993; x_wconf 77' lang='lat' dir='ltr'><strong><em>mansd</em></strong></span> <span class='ocrx_word' id='word_1_159' title='bbox 600 1928 644 1992; x_wconf 91' lang='lat' dir='ltr'><strong><em>ad</em></strong></span> <span class='ocrx_word' id='word_1_160' title='bbox 664 1934 799 2000; x_wconf 88' lang='lat' dir='ltr'><strong><em>montem</em></strong></span> <span class='ocrx_word' id='word_1_161' title='bbox 812 1928 966 1993; x_wconf 83' lang='lat' dir='ltr'><strong><em>Feletrem</em></strong></span> <span class='ocrx_word' id='word_1_162' title='bbox 988 1928 1088 2011; x_wconf 81' lang='lat' dir='ltr'><strong><em>(quod</em></strong></span> <span class='ocrx_word' id='word_1_163' title='bbox 1107 1934 1153 1993; x_wconf 91' lang='lat' dir='ltr'><strong><em>cst</em></strong></span> <span class='ocrx_word' id='word_1_164' title='bbox 1174 1928 1325 2009; x_wconf 76' lang='lat' dir='ltr'><strong><em>oppidum</em></strong></span> <span class='ocrx_word' id='word_1_165' title='bbox 1339 1927 1372 1992; x_wconf 88' lang='lat' dir='ltr'><strong><em>S.</em></strong></span> 
     </span>
     <span class='ocr_line' id='line_1_19' title="bbox 237 2014 1374 2096; baseline -0.002 -16"><span class='ocrx_word' id='word_1_166' title='bbox 237 2014 355 2080; x_wconf 72' lang='lat' dir='ltr'><strong><em>Leonis</em></strong></span> <span class='ocrx_word' id='word_1_167' title='bbox 380 2015 418 2079; x_wconf 87' lang='lat' dir='ltr'><strong><em>in</em></strong></span> <span class='ocrx_word' id='word_1_168' title='bbox 443 2015 566 2096; x_wconf 81' lang='lat' dir='ltr'><strong><em>repione</em></strong></span> <span class='ocrx_word' id='word_1_169' title='bbox 593 2015 704 2080; x_wconf 86' lang='lat' dir='ltr'><strong><em>Monte</em></strong></span> <span class='ocrx_word' id='word_1_170' title='bbox 730 2015 838 2080; x_wconf 84' lang='lat' dir='ltr'><strong><em>Feltre</em></strong></span> <span class='ocrx_word' id='word_1_171' title='bbox 860 2035 961 2096; x_wconf 90' lang='lat' dir='ltr'><strong><em>prope</em></strong></span> <span class='ocrx_word' id='word_1_172' title='bbox 987 2014 1023 2081; x_wconf 90' lang='lat' dir='ltr'><strong><em>S.</em></strong></span> <span class='ocrx_word' id='word_1_173' title='bbox 1039 2014 1169 2079; x_wconf 87' lang='lat' dir='ltr'><strong><em>Marini</em></strong></span> <span class='ocrx_word' id='word_1_174' title='bbox 1190 2015 1374 2092; x_wconf 73' lang='lat' dir='ltr'><strong><em>civitaten),</em></strong></span> 
     </span>
     <span class='ocr_line' id='line_1_20' title="bbox 232 2099 1375 2185; baseline -0.002 -21"><span class='ocrx_word' id='word_1_175' title='bbox 232 2101 361 2166; x_wconf 75' lang='lat' dir='ltr'><strong><em>sedente</em></strong></span> <span class='ocrx_word' id='word_1_176' title='bbox 375 2121 467 2182; x_wconf 83' lang='lat' dir='ltr'><strong><em>papa</em></strong></span> <span class='ocrx_word' id='word_1_177' title='bbox 492 2099 618 2166; x_wconf 70' lang='lat' dir='ltr'><strong><em>Gelasio</em></strong></span> <span class='ocrx_word' id='word_1_178' title='bbox 640 2102 787 2185; x_wconf 78' lang='lat'><strong><em>(54,17),</em></strong></span> <span class='ocrx_word' id='word_1_179' title='bbox 816 2102 853 2166; x_wconf 88' lang='lat' dir='ltr'><strong><em>id</em></strong></span> <span class='ocrx_word' id='word_1_180' title='bbox 873 2106 920 2166; x_wconf 90' lang='lat' dir='ltr'><strong><em>est</em></strong></span> <span class='ocrx_word' id='word_1_181' title='bbox 940 2101 1025 2164; x_wconf 90' lang='lat' dir='ltr'><strong><em>inter</em></strong></span> <span class='ocrx_word' id='word_1_182' title='bbox 1046 2121 1077 2166; x_wconf 92' lang='lat' dir='ltr'><strong><em>a.</em></strong></span> <span class='ocrx_word' id='word_1_183' title='bbox 1092 2102 1158 2166; x_wconf 90' lang='grc'><strong><em>492</em></strong></span> <span class='ocrx_word' id='word_1_184' title='bbox 1185 2106 1216 2166; x_wconf 89' lang='lat' dir='ltr'><strong><em>et</em></strong></span> <span class='ocrx_word' id='word_1_185' title='bbox 1235 2101 1315 2178; x_wconf 92' lang='grc'><em>496,</em></span> <span class='ocrx_word' id='word_1_186' title='bbox 1336 2100 1375 2163; x_wconf 89' lang='lat' dir='ltr'><strong><em>in</em></strong></span> 
     </span>
    </p>
   </div>
   <div class='ocr_carea' id='block_1_7' title="bbox 127 2185 1375 2274">
    <p class='ocr_par' dir='ltr' id='par_1_7' title="bbox 127 2185 1375 2274">
     <span class='ocr_line' id='line_1_21' title="bbox 127 2185 1375 2274; baseline -0.003 -22"><span class='ocrx_word' id='word_1_187' title='bbox 127 2206 133 2219; x_wconf 92' lang='lat'><strong>·</strong></span> <span class='ocrx_word' id='word_1_188' title='bbox 238 2188 428 2252; x_wconf 84' lang='lat' dir='ltr'><strong><em>monasterio</em></strong></span> <span class='ocrx_word' id='word_1_189' title='bbox 457 2186 496 2250; x_wconf 89' lang='lat' dir='ltr'><strong><em>ab</em></strong></span> <span class='ocrx_word' id='word_1_190' title='bbox 522 2188 591 2268; x_wconf 86' lang='lat' dir='ltr'><strong><em>ipso</em></strong></span> <span class='ocrx_word' id='word_1_191' title='bbox 621 2187 777 2269; x_wconf 89' lang='lat' dir='ltr'><strong><em>appellato</em></strong></span> <span class='ocrx_word' id='word_1_192' title='bbox 799 2208 899 2274; x_wconf 90' lang='lat' dir='ltr'><strong><em>prope</em></strong></span> <span class='ocrx_word' id='word_1_193' title='bbox 927 2185 1095 2267; x_wconf 80' lang='lat' dir='ltr'><strong><em>Nmpolim</em></strong></span> <span class='ocrx_word' id='word_1_194' title='bbox 1120 2186 1317 2268; x_wconf 76' lang='lat' dir='ltr'><strong><em>Campaniae</em></strong></span> <span class='ocrx_word' id='word_1_195' title='bbox 1336 2186 1375 2249; x_wconf 88' lang='lat' dir='ltr'><strong><em>in</em></strong></span> 
     </span>
    </p>
   </div>
   <div class='ocr_carea' id='block_1_8' title="bbox 206 2271 1382 4433">
    <p class='ocr_par' dir='ltr' id='par_1_8' title="bbox 206 2271 1382 4433">
     <span class='ocr_line' id='line_1_22' title="bbox 234 2271 1376 2354; baseline -0.001 -17"><span class='ocrx_word' id='word_1_196' title='bbox 234 2277 343 2338; x_wconf 79' lang='lat' dir='ltr'><strong><em>castro</em></strong></span> <span class='ocrx_word' id='word_1_197' title='bbox 352 2271 542 2351; x_wconf 77' lang='lat' dir='ltr'><strong><em>Lmotmm,</em></strong></span> <span class='ocrx_word' id='word_1_198' title='bbox 555 2274 648 2338; x_wconf 87' lang='lat' dir='ltr'><strong><em>cuins</em></strong></span> <span class='ocrx_word' id='word_1_199' title='bbox 662 2274 846 2338; x_wconf 83' lang='lat' dir='ltr'><strong><em>monasterii</em></strong></span> <span class='ocrx_word' id='word_1_200' title='bbox 861 2272 1033 2354; x_wconf 70' lang='lat' dir='ltr'><strong><em>Gregorius</em></strong></span> <span class='ocrx_word' id='word_1_201' title='bbox 1043 2274 1067 2337; x_wconf 87' lang='lat'><strong><em>1</em></strong></span> <span class='ocrx_word' id='word_1_202' title='bbox 1077 2274 1240 2353; x_wconf 86' lang='lat' dir='ltr'><strong><em>episcopus</em></strong></span> <span class='ocrx_word' id='word_1_203' title='bbox 1256 2272 1376 2337; x_wconf 88' lang='lat' dir='ltr'><strong><em>Roma-</em></strong></span> 
     </span>
     <span class='ocr_line' id='line_1_23' title="bbox 237 2358 1376 2442; baseline -0.001 -19"><span class='ocrx_word' id='word_1_204' title='bbox 237 2381 301 2424; x_wconf 88' lang='lat' dir='ltr'><strong><em>nus</em></strong></span> <span class='ocrx_word' id='word_1_205' title='bbox 315 2358 505 2440; x_wconf 80' lang='lat' dir='ltr'><strong><em>aliquotiens</em></strong></span> <span class='ocrx_word' id='word_1_206' title='bbox 519 2361 705 2425; x_wconf 86' lang='lat' dir='ltr'><strong><em>mentionem</em></strong></span> <span class='ocrx_word' id='word_1_207' title='bbox 718 2360 799 2441; x_wconf 74' lang='lat' dir='ltr'><strong><em>facit</em></strong></span> <span class='ocrx_word' id='word_1_208' title='bbox 810 2361 894 2442; x_wconf 89' lang='lat' dir='ltr'><strong><em>(epp.</em></strong></span> <span class='ocrx_word' id='word_1_209' title='bbox 906 2363 937 2437; x_wconf 86' lang='lat'><strong><em>3,</em></strong></span> <span class='ocrx_word' id='word_1_210' title='bbox 948 2363 978 2425; x_wconf 93' lang='lat'><strong><em>1.</em></strong></span> <span class='ocrx_word' id='word_1_211' title='bbox 1001 2361 1116 2437; x_wconf 93' lang='grc'><em>9,181.</em></span> <span class='ocrx_word' id='word_1_212' title='bbox 1132 2361 1263 2442; x_wconf 93' lang='grc'><em>11,19),</em></span> <span class='ocrx_word' id='word_1_213' title='bbox 1279 2359 1376 2423; x_wconf 90' lang='lat' dir='ltr'><strong><em>etiam</em></strong></span> 
     </span>
     <span class='ocr_line' id='line_1_24' title="bbox 231 2443 1375 2511; baseline 0 -2"><span class='ocrx_word' id='word_1_214' title='bbox 231 2447 275 2509; x_wconf 86' lang='lat' dir='ltr'><strong><em>ia</em></strong></span> <span class='ocrx_word' id='word_1_215' title='bbox 303 2446 380 2509; x_wconf 91' lang='lat' dir='ltr'><strong><em>urbe</em></strong></span> <span class='ocrx_word' id='word_1_216' title='bbox 409 2445 513 2510; x_wconf 85' lang='lat' dir='ltr'><strong><em>Roma</em></strong></span> <span class='ocrx_word' id='word_1_217' title='bbox 545 2447 694 2511; x_wconf 84' lang='lat' dir='ltr'><strong><em>Scoerino</em></strong></span> <span class='ocrx_word' id='word_1_218' title='bbox 722 2445 883 2510; x_wconf 87' lang='lat' dir='ltr'><strong><em>ecclesiam</em></strong></span> <span class='ocrx_word' id='word_1_219' title='bbox 909 2445 1030 2509; x_wconf 75' lang='lat' dir='ltr'><strong><em>noum</em></strong></span> <span class='ocrx_word' id='word_1_220' title='bbox 1062 2445 1207 2510; x_wconf 86' lang='lat' dir='ltr'><strong><em>dedicare</em></strong></span> <span class='ocrx_word' id='word_1_221' title='bbox 1236 2467 1269 2510; x_wconf 90' lang='lat' dir='ltr'><strong><em>se</em></strong></span> <span class='ocrx_word' id='word_1_222' title='bbox 1300 2443 1375 2510; x_wconf 76' lang='grc'><em>55615</em></span> 
     </span>
     <span class='ocr_line' id='line_1_25' title="bbox 232 2530 1374 2616; baseline 0.001 -22"><span class='ocrx_word' id='word_1_223' title='bbox 232 2533 298 2614; x_wconf 80' lang='lat' dir='ltr'><strong><em>(ep.</em></strong></span> <span class='ocrx_word' id='word_1_224' title='bbox 314 2532 427 2614; x_wconf 85' lang='grc'><em>3,19).</em></span> <span class='ocrx_word' id='word_1_225' title='bbox 471 2531 530 2596; x_wconf 84' lang='lat' dir='ltr'><strong><em>Illi</em></strong></span> <span class='ocrx_word' id='word_1_226' title='bbox 550 2533 740 2597; x_wconf 86' lang='lat' dir='ltr'><strong><em>monasterio</em></strong></span> <span class='ocrx_word' id='word_1_227' title='bbox 755 2538 868 2613; x_wconf 88' lang='lat' dir='ltr'><strong><em>postea</em></strong></span> <span class='ocrx_word' id='word_1_228' title='bbox 882 2530 1034 2616; x_wconf 79' lang='lat' dir='ltr'><strong><em>praefuit</em></strong></span> <span class='ocrx_word' id='word_1_229' title='bbox 1060 2532 1119 2613; x_wconf 78' lang='lat' dir='ltr'><strong><em>qui</em></strong></span> <span class='ocrx_word' id='word_1_230' title='bbox 1146 2533 1245 2596; x_wconf 74' lang='grc'><em>566555</em></span> <span class='ocrx_word' id='word_1_231' title='bbox 1273 2531 1374 2611; x_wconf 77' lang='lat' dir='ltr'><strong><em>scrip</em></strong></span> 
     </span>
     <span class='ocr_line' id='line_1_26' title="bbox 233 2617 1376 2702; baseline 0.002 -22"><span class='ocrx_word' id='word_1_232' title='bbox 233 2618 280 2681; x_wconf 86' lang='lat' dir='ltr'><strong><em>sit</em></strong></span> <span class='ocrx_word' id='word_1_233' title='bbox 307 2617 491 2698; x_wconf 76' lang='lat' dir='ltr'><strong><em>Eiepippius</em></strong></span> <span class='ocrx_word' id='word_1_234' title='bbox 512 2619 673 2702; x_wconf 73' lang='lat' dir='ltr'><strong><em>presbyter</em></strong></span> <span class='ocrx_word' id='word_1_235' title='bbox 696 2618 810 2702; x_wconf 83' lang='lat'><strong><em>(2,15.</em></strong></span> <span class='ocrx_word' id='word_1_236' title='bbox 831 2621 885 2697; x_wconf 90' lang='grc'><strong><em>46,</em></strong></span> <span class='ocrx_word' id='word_1_237' title='bbox 900 2620 950 2700; x_wconf 88' lang='lat'><strong><em>3),</em></strong></span> <span class='ocrx_word' id='word_1_238' title='bbox 979 2618 1036 2699; x_wconf 78' lang='lat' dir='ltr'><strong><em>qni</em></strong></span> <span class='ocrx_word' id='word_1_239' title='bbox 1057 2617 1241 2682; x_wconf 84' lang='lat' dir='ltr'><strong><em>adulescens</em></strong></span> <span class='ocrx_word' id='word_1_240' title='bbox 1262 2619 1376 2698; x_wconf 89' lang='lat' dir='ltr'><strong><em>opinor</em></strong></span> 
     </span>
     <span class='ocr_line' id='line_1_27' title="bbox 238 2700 1377 2788; baseline 0 -20"><span class='ocrx_word' id='word_1_241' title='bbox 238 2700 422 2769; x_wconf 69' lang='lat' dir='ltr'><strong><em>&amp;cerinum</em></strong></span> <span class='ocrx_word' id='word_1_242' title='bbox 435 2703 472 2767; x_wconf 91' lang='lat' dir='ltr'><strong><em>in</em></strong></span> <span class='ocrx_word' id='word_1_243' title='bbox 482 2703 599 2768; x_wconf 88' lang='lat' dir='ltr'><strong><em>Norico</em></strong></span> <span class='ocrx_word' id='word_1_244' title='bbox 614 2705 681 2784; x_wconf 89' lang='lat' dir='ltr'><strong><em>ipse</em></strong></span> <span class='ocrx_word' id='word_1_245' title='bbox 692 2710 874 2787; x_wconf 81' lang='lat' dir='ltr'><strong><em>copnooerat</em></strong></span> <span class='ocrx_word' id='word_1_246' title='bbox 883 2704 928 2788; x_wconf 94' lang='lat'><strong><em>(1,</em></strong></span> <span class='ocrx_word' id='word_1_247' title='bbox 942 2707 993 2770; x_wconf 86' lang='lat'><strong><em>19.</em></strong></span> <span class='ocrx_word' id='word_1_248' title='bbox 1015 2706 1109 2781; x_wconf 83' lang='lat'><strong><em>4,19.</em></strong></span> <span class='ocrx_word' id='word_1_249' title='bbox 1134 2703 1186 2783; x_wconf 86' lang='grc'><strong><em>57,</em></strong></span> <span class='ocrx_word' id='word_1_250' title='bbox 1200 2706 1258 2785; x_wconf 91' lang='grc'><em>18)</em></span> <span class='ocrx_word' id='word_1_251' title='bbox 1272 2708 1303 2768; x_wconf 90' lang='lat' dir='ltr'><strong><em>et</em></strong></span> <span class='ocrx_word' id='word_1_252' title='bbox 1317 2703 1377 2768; x_wconf 85' lang='lat' dir='ltr'><strong><em>ad·</em></strong></span> 
     </span>
     <span class='ocr_line' id='line_1_28' title="bbox 235 2789 1375 2875; baseline 0 -21"><span class='ocrx_word' id='word_1_253' title='bbox 235 2791 346 2869; x_wconf 76' lang='lat' dir='ltr'><strong><em>tuerat</em></strong></span> <span class='ocrx_word' id='word_1_254' title='bbox 367 2789 513 2854; x_wconf 82' lang='lat' dir='ltr'><strong><em>morienti</em></strong></span> <span class='ocrx_word' id='word_1_255' title='bbox 527 2791 594 2873; x_wconf 87' lang='lat'><strong><em>(51,</em></strong></span> <span class='ocrx_word' id='word_1_256' title='bbox 606 2793 664 2872; x_wconf 83' lang='lat'><strong><em>26)</em></strong></span> <span class='ocrx_word' id='word_1_257' title='bbox 680 2796 710 2855; x_wconf 88' lang='lat' dir='ltr'><strong><em>et</em></strong></span> <span class='ocrx_word' id='word_1_258' title='bbox 730 2792 768 2856; x_wconf 89' lang='lat' dir='ltr'><strong><em>in</em></strong></span> <span class='ocrx_word' id='word_1_259' title='bbox 789 2792 941 2855; x_wconf 89' lang='lat' dir='ltr'><strong><em>comitatu</em></strong></span> <span class='ocrx_word' id='word_1_260' title='bbox 958 2789 1079 2875; x_wconf 81' lang='lat' dir='ltr'><strong><em>fuerat,</em></strong></span> <span class='ocrx_word' id='word_1_261' title='bbox 1102 2790 1179 2855; x_wconf 89' lang='lat' dir='ltr'><strong><em>dum</em></strong></span> <span class='ocrx_word' id='word_1_262' title='bbox 1200 2811 1316 2870; x_wconf 84' lang='lat' dir='ltr'><strong><em>corpus</em></strong></span> <span class='ocrx_word' id='word_1_263' title='bbox 1337 2790 1375 2854; x_wconf 89' lang='lat' dir='ltr'><strong><em>in</em></strong></span> 
     </span>
     <span class='ocr_line' id='line_1_29' title="bbox 206 2875 1375 2964; baseline 0.001 -24"><span class='ocrx_word' id='word_1_264' title='bbox 206 2906 208 2911; x_wconf 50' lang='lat'><strong><em>¹</em></strong></span> <span class='ocrx_word' id='word_1_265' title='bbox 238 2875 372 2941; x_wconf 85' lang='lat' dir='ltr'><strong><em>Italiam</em></strong></span> <span class='ocrx_word' id='word_1_266' title='bbox 395 2875 590 2956; x_wconf 81' lang='lat' dir='ltr'><strong><em>transfertur</em></strong></span> <span class='ocrx_word' id='word_1_267' title='bbox 612 2877 679 2960; x_wconf 92' lang='grc'><em>(54,</em></span> <span class='ocrx_word' id='word_1_268' title='bbox 696 2877 741 2959; x_wconf 86' lang='grc'><strong><em>7).</em></strong></span> <span class='ocrx_word' id='word_1_269' title='bbox 792 2877 964 2964; x_wconf 82' lang='lat' dir='ltr'><strong><em>Praeterea</em></strong></span> <span class='ocrx_word' id='word_1_270' title='bbox 990 2876 1035 2940; x_wconf 91' lang='lat' dir='ltr'><strong><em>ad</em></strong></span> <span class='ocrx_word' id='word_1_271' title='bbox 1060 2875 1228 2941; x_wconf 84' lang='lat' dir='ltr'><strong><em>relationes</em></strong></span> <span class='ocrx_word' id='word_1_272' title='bbox 1257 2896 1375 2954; x_wconf 91' lang='lat' dir='ltr'><strong><em>eorum,</em></strong></span> 
     </span>
     <span class='ocr_line' id='line_1_30' title="bbox 236 2962 1376 3046; baseline 0.003 -20"><span class='ocrx_word' id='word_1_273' title='bbox 236 2963 296 3046; x_wconf 79' lang='lat' dir='ltr'><strong><em>qui</em></strong></span> <span class='ocrx_word' id='word_1_274' title='bbox 309 2983 380 3026; x_wconf 90' lang='lat' dir='ltr'><strong><em>cum</em></strong></span> <span class='ocrx_word' id='word_1_275' title='bbox 392 2962 539 3027; x_wconf 89' lang='lat' dir='ltr'><strong><em>Seocrino</em></strong></span> <span class='ocrx_word' id='word_1_276' title='bbox 555 2964 711 3041; x_wconf 76' lang='lat' dir='ltr'><strong><em>sinuant,</em></strong></span> <span class='ocrx_word' id='word_1_277' title='bbox 726 2983 791 3028; x_wconf 91' lang='lat' dir='ltr'><strong><em>non</em></strong></span> <span class='ocrx_word' id='word_1_278' title='bbox 804 2962 1110 3046; x_wconf 89' lang='lat' dir='ltr'><strong><em>semelprooocat(1,</em></strong></span> <span class='ocrx_word' id='word_1_279' title='bbox 1123 2965 1174 3027; x_wconf 89' lang='grc'><em>19.</em></span> <span class='ocrx_word' id='word_1_280' title='bbox 1196 2966 1249 3041; x_wconf 90' lang='grc'><strong><em>22,</em></strong></span> <span class='ocrx_word' id='word_1_281' title='bbox 1259 2965 1303 3027; x_wconf 81' lang='grc'><strong><em>23</em></strong></span> <span class='ocrx_word' id='word_1_282' title='bbox 1311 2983 1376 3044; x_wconf 79' lang='lat' dir='ltr'><strong><em>seq.</em></strong></span> 
     </span>
     <span class='ocr_line' id='line_1_31' title="bbox 234 3049 1374 3130; baseline -0.001 -15"><span class='ocrx_word' id='word_1_283' title='bbox 234 3051 290 3128; x_wconf 89' lang='grc'><strong><em>28,</em></strong></span> <span class='ocrx_word' id='word_1_284' title='bbox 302 3051 388 3130; x_wconf 74' lang='grc'><em>9555.</em></span> <span class='ocrx_word' id='word_1_285' title='bbox 388 3049 414 3128; x_wconf 94' lang='grc'><strong><em>).</em></strong></span> <span class='ocrx_word' id='word_1_286' title='bbox 446 3049 521 3129; x_wconf 89' lang='lat' dir='ltr'><strong><em>Ipse</em></strong></span> <span class='ocrx_word' id='word_1_287' title='bbox 535 3050 571 3114; x_wconf 91' lang='lat' dir='ltr'><strong><em>in</em></strong></span> <span class='ocrx_word' id='word_1_288' title='bbox 581 3050 709 3115; x_wconf 84' lang='lat' dir='ltr'><strong><em>enardio</em></strong></span> <span class='ocrx_word' id='word_1_289' title='bbox 722 3051 771 3114; x_wconf 90' lang='lat' dir='ltr'><strong><em>ait</em></strong></span> <span class='ocrx_word' id='word_1_290' title='bbox 781 3049 938 3115; x_wconf 88' lang='lat' dir='ltr'><strong><em>scribendi</em></strong></span> <span class='ocrx_word' id='word_1_291' title='bbox 952 3049 1119 3114; x_wconf 78' lang='lat' dir='ltr'><strong><em>camillum</em></strong></span> <span class='ocrx_word' id='word_1_292' title='bbox 1128 3071 1162 3114; x_wconf 88' lang='lat' dir='ltr'><strong><em>se</em></strong></span> <span class='ocrx_word' id='word_1_293' title='bbox 1173 3050 1288 3130; x_wconf 81' lang='lat' dir='ltr'><strong><em>cepisse</em></strong></span> <span class='ocrx_word' id='word_1_294' title='bbox 1301 3069 1374 3114; x_wconf 92' lang='lat' dir='ltr'><strong><em>con-</em></strong></span> 
     </span>
     <span class='ocr_line' id='line_1_32' title="bbox 232 3134 1374 3217; baseline 0.002 -17"><span class='ocrx_word' id='word_1_295' title='bbox 232 3134 350 3200; x_wconf 86' lang='lat' dir='ltr'><strong><em>sulatu</em></strong></span> <span class='ocrx_word' id='word_1_296' title='bbox 364 3135 556 3216; x_wconf 77' lang='lat' dir='ltr'><strong><em>importuni,</em></strong></span> <span class='ocrx_word' id='word_1_297' title='bbox 572 3136 608 3201; x_wconf 91' lang='lat' dir='ltr'><strong><em>id</em></strong></span> <span class='ocrx_word' id='word_1_298' title='bbox 622 3141 667 3201; x_wconf 89' lang='lat' dir='ltr'><strong><em>est</em></strong></span> <span class='ocrx_word' id='word_1_299' title='bbox 681 3157 711 3202; x_wconf 91' lang='lat' dir='ltr'><strong><em>a.</em></strong></span> <span class='ocrx_word' id='word_1_300' title='bbox 723 3135 795 3214; x_wconf 84' lang='lat'><strong><em>509,</em></strong></span> <span class='ocrx_word' id='word_1_301' title='bbox 810 3136 847 3200; x_wconf 87' lang='lat' dir='ltr'><strong><em>id</em></strong></span> <span class='ocrx_word' id='word_1_302' title='bbox 861 3140 1025 3201; x_wconf 83' lang='lat' dir='ltr'><strong><em>enecatum</em></strong></span> <span class='ocrx_word' id='word_1_303' title='bbox 1039 3157 1103 3201; x_wconf 90' lang='lat' dir='ltr'><strong><em>esse</em></strong></span> <span class='ocrx_word' id='word_1_304' title='bbox 1110 3141 1186 3217; x_wconf 89' lang='lat' dir='ltr'><strong><em>post</em></strong></span> <span class='ocrx_word' id='word_1_305' title='bbox 1201 3137 1374 3202; x_wconf 88' lang='lat' dir='ltr'><strong><em>biennium.</em></strong></span> 
     </span>
     <span class='ocr_line' id='line_1_33' title="bbox 234 3221 1375 3306; baseline -0.002 -18"><span class='ocrx_word' id='word_1_306' title='bbox 234 3221 375 3303; x_wconf 78' lang='lat' dir='ltr'><strong><em>Scripsit</em></strong></span> <span class='ocrx_word' id='word_1_307' title='bbox 388 3222 490 3304; x_wconf 69' lang='lat' dir='ltr'><strong><em>igitur</em></strong></span> <span class='ocrx_word' id='word_1_308' title='bbox 504 3242 535 3288; x_wconf 91' lang='lat' dir='ltr'><strong><em>a.</em></strong></span> <span class='ocrx_word' id='word_1_309' title='bbox 549 3223 612 3286; x_wconf 89' lang='lat'><strong><em>511</em></strong></span> <span class='ocrx_word' id='word_1_310' title='bbox 623 3222 760 3304; x_wconf 90' lang='lat' dir='ltr'><strong><em>Neapoli</em></strong></span> <span class='ocrx_word' id='word_1_311' title='bbox 774 3228 924 3306; x_wconf 70' lang='lat' dir='ltr'><strong><em>regnante</em></strong></span> <span class='ocrx_word' id='word_1_312' title='bbox 944 3222 1145 3289; x_wconf 77' lang='lat' dir='ltr'><strong><em>Theoderico.</em></strong></span> <span class='ocrx_word' id='word_1_313' title='bbox 1161 3259 1205 3270; x_wconf 93' lang='lat'><strong>—</strong></span> <span class='ocrx_word' id='word_1_314' title='bbox 1219 3221 1375 3287; x_wconf 84' lang='lat' dir='ltr'><strong><em>Eiusdem</em></strong></span> 
     </span>
     <span class='ocr_line' id='line_1_34' title="bbox 231 3305 1375 3396; baseline 0.001 -25"><span class='ocrx_word' id='word_1_315' title='bbox 231 3305 398 3390; x_wconf 75' lang='lat' dir='ltr'><strong><em>sEupippii</em></strong></span> <span class='ocrx_word' id='word_1_316' title='bbox 413 3313 523 3373; x_wconf 80' lang='lat' dir='ltr'><strong><em>entant</em></strong></span> <span class='ocrx_word' id='word_1_317' title='bbox 534 3315 692 3396; x_wconf 82' lang='lat' dir='ltr'><strong><em>excerpts</em></strong></span> <span class='ocrx_word' id='word_1_318' title='bbox 703 3329 747 3374; x_wconf 84' lang='lat' dir='ltr'><strong><em>ex</em></strong></span> <span class='ocrx_word' id='word_1_319' title='bbox 762 3310 915 3395; x_wconf 75' lang='lat' dir='ltr'><strong><em>opesibus</em></strong></span> <span class='ocrx_word' id='word_1_320' title='bbox 929 3309 1032 3374; x_wconf 84' lang='lat' dir='ltr'><strong><em>sancti</em></strong></span> <span class='ocrx_word' id='word_1_321' title='bbox 1040 3307 1215 3394; x_wconf 82' lang='lat' dir='ltr'><strong><em>Augustini</em></strong></span> <span class='ocrx_word' id='word_1_322' title='bbox 1229 3308 1375 3373; x_wconf 89' lang='lat' dir='ltr'><strong><em>dedicata</em></strong></span> 
     </span>
     <span class='ocr_line' id='line_1_35' title="bbox 239 3394 1374 3477; baseline 0 -18"><span class='ocrx_word' id='word_1_323' title='bbox 239 3395 365 3460; x_wconf 87' lang='lat' dir='ltr'><strong><em>Probae</em></strong></span> <span class='ocrx_word' id='word_1_324' title='bbox 386 3395 513 3476; x_wconf 80' lang='lat' dir='ltr'><strong><em>oirpini,</em></strong></span> <span class='ocrx_word' id='word_1_325' title='bbox 534 3397 716 3477; x_wconf 87' lang='lat' dir='ltr'><strong><em>nuperrime</em></strong></span> <span class='ocrx_word' id='word_1_326' title='bbox 737 3417 809 3461; x_wconf 92' lang='lat' dir='ltr'><strong><em>cum</em></strong></span> <span class='ocrx_word' id='word_1_327' title='bbox 831 3395 892 3460; x_wconf 85' lang='lat' dir='ltr'><strong><em>bac</em></strong></span> <span class='ocrx_word' id='word_1_328' title='bbox 912 3396 980 3460; x_wconf 86' lang='lat' dir='ltr'><strong><em>nita</em></strong></span> <span class='ocrx_word' id='word_1_329' title='bbox 1000 3417 1023 3459; x_wconf 93' lang='lat' dir='ltr'><strong><em>a</em></strong></span> <span class='ocrx_word' id='word_1_330' title='bbox 1037 3394 1098 3459; x_wconf 88' lang='lat' dir='ltr'><strong><em>Pio</em></strong></span> <span class='ocrx_word' id='word_1_331' title='bbox 1112 3394 1229 3460; x_wconf 87' lang='lat' dir='ltr'><strong><em>Knoell</em></strong></span> <span class='ocrx_word' id='word_1_332' title='bbox 1247 3395 1285 3459; x_wconf 90' lang='lat' dir='ltr'><strong><em>in</em></strong></span> <span class='ocrx_word' id='word_1_333' title='bbox 1306 3414 1374 3460; x_wconf 91' lang='lat' dir='ltr'><strong><em>cor·</em></strong></span> 
     </span>
     <span class='ocr_line' id='line_1_36' title="bbox 227 3481 1377 3563; baseline -0.001 -16"><span class='ocrx_word' id='word_1_334' title='bbox 227 3501 313 3563; x_wconf 23' lang='lat' dir='ltr'><strong><em>&#39;pore</em></strong></span> <span class='ocrx_word' id='word_1_335' title='bbox 344 3482 535 3562; x_wconf 74' lang='lat' dir='ltr'><strong><em>scrr&#39;potornm</em></strong></span> <span class='ocrx_word' id='word_1_336' title='bbox 567 3482 845 3548; x_wconf 88' lang='lat' dir='ltr'><strong><em>ecclesiasticorum</em></strong></span> <span class='ocrx_word' id='word_1_337' title='bbox 882 3481 1115 3547; x_wconf 85' lang='lat' dir='ltr'><strong><em>Vindobonensi</em></strong></span> <span class='ocrx_word' id='word_1_338' title='bbox 1145 3481 1301 3546; x_wconf 86' lang='lat' dir='ltr'><strong><em>recensita</em></strong></span> <span class='ocrx_word' id='word_1_339' title='bbox 1331 3481 1377 3546; x_wconf 92' lang='lat' dir='ltr'><strong><em>ad</em></strong></span> 
     </span>
     <span class='ocr_line' id='line_1_37' title="bbox 234 3567 1377 3651; baseline 0.005 -25"><span class='ocrx_word' id='word_1_340' title='bbox 234 3567 336 3633; x_wconf 85' lang='lat' dir='ltr'><strong><em>libros</em></strong></span> <span class='ocrx_word' id='word_1_341' title='bbox 357 3568 499 3648; x_wconf 75' lang='lat' dir='ltr'><strong><em>scriptos.</em></strong></span> <span class='ocrx_word' id='word_1_342' title='bbox 543 3569 577 3633; x_wconf 92' lang='lat' dir='ltr'><strong><em>Ii</em></strong></span> <span class='ocrx_word' id='word_1_343' title='bbox 591 3589 783 3650; x_wconf 80' lang='lat' dir='ltr'><strong><em>quamquam</em></strong></span> <span class='ocrx_word' id='word_1_344' title='bbox 792 3568 892 3651; x_wconf 81' lang='lat' dir='ltr'><strong><em>plane</em></strong></span> <span class='ocrx_word' id='word_1_345' title='bbox 906 3567 1063 3648; x_wconf 80' lang='lat' dir='ltr'><strong><em>differunt</em></strong></span> <span class='ocrx_word' id='word_1_346' title='bbox 1083 3588 1105 3631; x_wconf 93' lang='lat' dir='ltr'><strong><em>a</em></strong></span> <span class='ocrx_word' id='word_1_347' title='bbox 1127 3569 1296 3646; x_wconf 79' lang='lat' dir='ltr'><strong><em>codicibus,</em></strong></span> <span class='ocrx_word' id='word_1_348' title='bbox 1318 3568 1377 3650; x_wconf 82' lang='lat' dir='ltr'><strong><em>qui</em></strong></span> 
     </span>
     <span class='ocr_line' id='line_1_38' title="bbox 234 3654 1376 3736; baseline 0.002 -19"><span class='ocrx_word' id='word_1_349' title='bbox 234 3654 338 3718; x_wconf 81' lang='lat' dir='ltr'><strong><em>eitam</em></strong></span> <span class='ocrx_word' id='word_1_350' title='bbox 358 3659 542 3733; x_wconf 80' lang='lat' dir='ltr'><strong><em>sanarunt,</em></strong></span> <span class='ocrx_word' id='word_1_351' title='bbox 570 3654 817 3736; x_wconf 88' lang='lat' dir='ltr'><strong><em>Neapolitanam</em></strong></span> <span class='ocrx_word' id='word_1_352' title='bbox 847 3675 954 3721; x_wconf 89' lang='lat' dir='ltr'><strong><em>eornm</em></strong></span> <span class='ocrx_word' id='word_1_353' title='bbox 982 3659 1199 3735; x_wconf 81' lang='lat' dir='ltr'><strong><em>eneerptorum</em></strong></span> <span class='ocrx_word' id='word_1_354' title='bbox 1224 3655 1376 3736; x_wconf 68' lang='lat' dir='ltr'><strong><em>moinem</em></strong></span> 
     </span>
     <span class='ocr_line' id='line_1_39' title="bbox 238 3738 1376 3823; baseline 0.002 -20"><span class='ocrx_word' id='word_1_355' title='bbox 238 3738 444 3820; x_wconf 77' lang='lat' dir='ltr'><strong><em>aliquatenus</em></strong></span> <span class='ocrx_word' id='word_1_356' title='bbox 458 3746 594 3806; x_wconf 87' lang='lat' dir='ltr'><strong><em>testatur</em></strong></span> <span class='ocrx_word' id='word_1_357' title='bbox 611 3743 799 3823; x_wconf 80' lang='lat' dir='ltr'><strong><em>subscriptio</em></strong></span> <span class='ocrx_word' id='word_1_358' title='bbox 812 3747 939 3806; x_wconf 79' lang='lat' dir='ltr'><strong><em>seruata</em></strong></span> <span class='ocrx_word' id='word_1_359' title='bbox 959 3742 996 3806; x_wconf 90' lang='lat' dir='ltr'><strong><em>in</em></strong></span> <span class='ocrx_word' id='word_1_360' title='bbox 1018 3741 1121 3806; x_wconf 90' lang='lat' dir='ltr'><strong><em>codice</em></strong></span> <span class='ocrx_word' id='word_1_361' title='bbox 1142 3761 1208 3806; x_wconf 92' lang='lat' dir='ltr'><strong><em>uno</em></strong></span> <span class='ocrx_word' id='word_1_362' title='bbox 1223 3739 1376 3805; x_wconf 89' lang='lat' dir='ltr'><strong><em>Parisino</em></strong></span> 
     </span>
     <span class='ocr_line' id='line_1_40' title="bbox 241 3826 1377 3913; baseline 0.003 -25"><span class='ocrx_word' id='word_1_363' title='bbox 241 3827 349 3889; x_wconf 90' lang='grc'><em>11642</em></span> <span class='ocrx_word' id='word_1_364' title='bbox 371 3826 426 3908; x_wconf 80' lang='lat' dir='ltr'><strong><em>(cf.</em></strong></span> <span class='ocrx_word' id='word_1_365' title='bbox 441 3826 526 3894; x_wconf 78' lang='lat' dir='ltr'><strong><em>Me.</em></strong></span> <span class='ocrx_word' id='word_1_366' title='bbox 541 3828 648 3908; x_wconf 80' lang='lat' dir='ltr'><strong><em>script.</em></strong></span> <span class='ocrx_word' id='word_1_367' title='bbox 664 3828 767 3910; x_wconf 79' lang='lat' dir='ltr'><strong><em>Lamp.</em></strong></span> <span class='ocrx_word' id='word_1_368' title='bbox 782 3848 820 3908; x_wconf 88' lang='lat' dir='ltr'><strong><em>p.</em></strong></span> <span class='ocrx_word' id='word_1_369' title='bbox 834 3830 934 3906; x_wconf 80' lang='lat'><strong><em>412),-</em></strong></span> <span class='ocrx_word' id='word_1_370' title='bbox 954 3828 1032 3913; x_wconf 88' lang='lat' dir='ltr'><strong><em>imp.</em></strong></span> <span class='ocrx_word' id='word_1_371' title='bbox 1048 3826 1079 3892; x_wconf 86' lang='lat' dir='ltr'><strong><em>d.</em></strong></span> <span class='ocrx_word' id='word_1_372' title='bbox 1095 3848 1126 3891; x_wconf 86' lang='grc'><strong><em>5</em></strong></span> <span class='ocrx_word' id='word_1_373' title='bbox 1142 3827 1273 3892; x_wconf 83' lang='lat' dir='ltr'><strong><em>Tiberio</em></strong></span> <span class='ocrx_word' id='word_1_374' title='bbox 1289 3826 1377 3892; x_wconf 81' lang='lat' dir='ltr'><strong><em>Oan-</em></strong></span> 
     </span>
     <span class='ocr_line' id='line_1_41' title="bbox 239 3912 1377 4001; baseline 0.001 -25"><span class='ocrx_word' id='word_1_375' title='bbox 239 3912 380 3977; x_wconf 83' lang='lat' dir='ltr'><strong><em>stantino</em></strong></span> <span class='ocrx_word' id='word_1_376' title='bbox 409 3918 568 3999; x_wconf 88' lang='lat' dir='ltr'><strong><em>perpetuo</em></strong></span> <span class='ocrx_word' id='word_1_377' title='bbox 595 3914 747 4000; x_wconf 90' lang='lat' dir='ltr'><strong><em>Augusto</em></strong></span> <span class='ocrx_word' id='word_1_378' title='bbox 777 3935 862 3979; x_wconf 87' lang='grc'><em>5555</em></span> <span class='ocrx_word' id='word_1_379' title='bbox 890 3914 1045 4001; x_wconf 86' lang='lat' dir='ltr'><strong><em>septimo,</em></strong></span> <span class='ocrx_word' id='word_1_380' title='bbox 1076 3914 1377 3999; x_wconf 81' lang='lat' dir='ltr'><strong><em>postconsulatum</em></strong></span> 
     </span>
     <span class='ocr_line' id='line_1_42' title="bbox 239 3997 1377 4086; baseline 0 -22"><span class='ocrx_word' id='word_1_381' title='bbox 239 3997 388 4064; x_wconf 88' lang='lat' dir='ltr'><strong><em>eiusdem</em></strong></span> <span class='ocrx_word' id='word_1_382' title='bbox 410 3998 549 4085; x_wconf 81' lang='lat' dir='ltr'><strong><em>Augusti</em></strong></span> <span class='ocrx_word' id='word_1_383' title='bbox 571 4021 655 4066; x_wconf 90' lang='grc'><em>5555</em></span> <span class='ocrx_word' id='word_1_384' title='bbox 678 4003 785 4084; x_wconf 87' lang='lat' dir='ltr'><strong><em>tertio,</em></strong></span> <span class='ocrx_word' id='word_1_385' title='bbox 806 4000 982 4067; x_wconf 84' lang='lat' dir='ltr'><strong><em>indictione</em></strong></span> <span class='ocrx_word' id='word_1_386' title='bbox 998 3999 1236 4086; x_wconf 82' lang='lat' dir='ltr'><strong><em>quintadecima</em></strong></span> <span class='ocrx_word' id='word_1_387' title='bbox 1259 3999 1312 4065; x_wconf 91' lang='lat' dir='ltr'><strong><em>die</em></strong></span> <span class='ocrx_word' id='word_1_388' title='bbox 1332 4000 1377 4064; x_wconf 86' lang='lat' dir='ltr'><strong><em>id.</em></strong></span> 
     </span>
     <span class='ocr_line' id='line_1_43' title="bbox 235 4085 1377 4171; baseline 0.001 -21"><span class='ocrx_word' id='word_1_389' title='bbox 235 4085 333 4168; x_wconf 80' lang='lat' dir='ltr'><strong><em>Dee,</em></strong></span> <span class='ocrx_word' id='word_1_390' title='bbox 355 4085 392 4149; x_wconf 91' lang='lat' dir='ltr'><strong><em>id</em></strong></span> <span class='ocrx_word' id='word_1_391' title='bbox 412 4090 458 4150; x_wconf 87' lang='lat' dir='ltr'><strong><em>est</em></strong></span> <span class='ocrx_word' id='word_1_392' title='bbox 484 4107 514 4150; x_wconf 91' lang='lat' dir='ltr'><strong><em>a.</em></strong></span> <span class='ocrx_word' id='word_1_393' title='bbox 530 4085 594 4148; x_wconf 87' lang='grc'><strong><em>581</em></strong></span> <span class='ocrx_word' id='word_1_394' title='bbox 615 4085 692 4154; x_wconf 90' lang='lat' dir='ltr'><strong><em>Dec.</em></strong></span> <span class='ocrx_word' id='word_1_395' title='bbox 708 4090 764 4166; x_wconf 82' lang='lat'><strong><em>13,</em></strong></span> <span class='ocrx_word' id='word_1_396' title='bbox 788 4086 1010 4153; x_wconf 80' lang='lat' dir='ltr'><strong><em>obsidentibus</em></strong></span> <span class='ocrx_word' id='word_1_397' title='bbox 1031 4087 1257 4171; x_wconf 83' lang='lat' dir='ltr'><strong><em>Langobardis</em></strong></span> <span class='ocrx_word' id='word_1_398' title='bbox 1286 4085 1377 4151; x_wconf 84' lang='lat' dir='ltr'><strong><em>Nee·</em></strong></span> 
     </span>
     <span class='ocr_line' id='line_1_44' title="bbox 231 4172 1377 4260; baseline -0.002 -22"><span class='ocrx_word' id='word_1_399' title='bbox 231 4173 418 4260; x_wconf 75' lang='lat' dir='ltr'><strong><em>politanam</em></strong></span> <span class='ocrx_word' id='word_1_400' title='bbox 446 4172 627 4255; x_wconf 77' lang='lat' dir='ltr'><strong><em>civitatem,</em></strong></span> <span class='ocrx_word' id='word_1_401' title='bbox 657 4174 727 4238; x_wconf 91' lang='lat' dir='ltr'><strong><em>eius</em></strong></span> <span class='ocrx_word' id='word_1_402' title='bbox 754 4174 844 4238; x_wconf 88' lang='lat' dir='ltr'><strong><em>urbis</em></strong></span> <span class='ocrx_word' id='word_1_403' title='bbox 871 4175 1035 4254; x_wconf 65' lang='lat' dir='ltr'><strong><em>epiecopus</em></strong></span> <span class='ocrx_word' id='word_1_404' title='bbox 1055 4173 1173 4239; x_wconf 78' lang='lat' dir='ltr'><strong><em>Reduc</em></strong></span> <span class='ocrx_word' id='word_1_405' title='bbox 1194 4172 1307 4239; x_wconf 83' lang='lat' dir='ltr'><strong><em>obtulit</em></strong></span> <span class='ocrx_word' id='word_1_406' title='bbox 1327 4194 1377 4237; x_wconf 92' lang='lat' dir='ltr'><strong><em>ec·</em></strong></span> 
     </span>
     <span class='ocr_line' id='line_1_45' title="bbox 235 4257 1377 4346; baseline 0 -23"><span class='ocrx_word' id='word_1_407' title='bbox 235 4259 353 4324; x_wconf 83' lang='lat' dir='ltr'><strong><em>elesino</em></strong></span> <span class='ocrx_word' id='word_1_408' title='bbox 375 4259 444 4324; x_wconf 89' lang='lat' dir='ltr'><strong><em>eius</em></strong></span> <span class='ocrx_word' id='word_1_409' title='bbox 467 4257 614 4324; x_wconf 87' lang='lat' dir='ltr'><strong><em>codicem</em></strong></span> <span class='ocrx_word' id='word_1_410' title='bbox 637 4266 880 4345; x_wconf 84' lang='lat' dir='ltr'><strong><em>excerptorum,</em></strong></span> <span class='ocrx_word' id='word_1_411' title='bbox 903 4280 1001 4346; x_wconf 90' lang='lat' dir='ltr'><strong><em>quem</em></strong></span> <span class='ocrx_word' id='word_1_412' title='bbox 1023 4281 1067 4325; x_wconf 82' lang='lat' dir='ltr'><strong><em>ex</em></strong></span> <span class='ocrx_word' id='word_1_413' title='bbox 1089 4281 1108 4324; x_wconf 93' lang='lat' dir='ltr'><strong><em>o</em></strong></span> <span class='ocrx_word' id='word_1_414' title='bbox 1132 4261 1251 4326; x_wconf 84' lang='lat' dir='ltr'><strong><em>usculis</em></strong></span> <span class='ocrx_word' id='word_1_415' title='bbox 1274 4260 1377 4324; x_wconf 86' lang='lat' dir='ltr'><strong><em>sancti</em></strong></span> 
     </span>
     <span class='ocr_line' id='line_1_46' title="bbox 237 4282 1382 4433; baseline 0.001 -23"><span class='ocrx_word' id='word_1_416' title='bbox 237 4345 415 4431; x_wconf 83' lang='lat' dir='ltr'><strong><em>Augustini</em></strong></span> <span class='ocrx_word' id='word_1_417' title='bbox 436 4347 556 4412; x_wconf 81' lang='lat' dir='ltr'><strong><em>beatae</em></strong></span> <span class='ocrx_word' id='word_1_418' title='bbox 578 4345 809 4411; x_wconf 81' lang='lat' dir='ltr'><strong><em>recordationis</em></strong></span> <span class='ocrx_word' id='word_1_419' title='bbox 830 4346 1012 4433; x_wconf 77' lang='lat' dir='ltr'><strong><em>Eugippius</em></strong></span> <span class='ocrx_word' id='word_1_420' title='bbox 1033 4282 1204 4433; x_wconf 76' lang='lat' dir='ltr'><strong><em>presbyter</em></strong></span> <span class='ocrx_word' id='word_1_421' title='bbox 1233 4352 1268 4412; x_wconf 87' lang='lat' dir='ltr'><strong><em>et</em></strong></span> <span class='ocrx_word' id='word_1_422' title='bbox 1291 4346 1382 4412; x_wconf 80' lang='lat' dir='ltr'><strong><em>abbe</em></strong></span> 
     </span>
    </p>
   </div>
   <div class='ocr_carea' id='block_1_9' title="bbox 0 0 1701 5142">
    <p class='ocr_par' dir='ltr' id='par_1_9' title="bbox 0 0 1701 5142">
     <span class='ocr_line' id='line_1_47' title="bbox 0 0 1701 5142; baseline 0 0"><span class='ocrx_word' id='word_1_423' title='bbox 0 0 1701 5142; x_wconf 95' lang='lat' dir='ltr'><strong><em> </em></strong></span> 
     </span>
    </p>
   </div>
   <div class='ocr_carea' id='block_1_10' title="bbox 1690 4404 1693 4978">
    <p class='ocr_par' dir='ltr' id='par_1_10' title="bbox 1690 4404 1693 4978">
     <span class='ocr_line' id='line_1_48' title="bbox 1690 4404 1693 4978; baseline 0 0"><span class='ocrx_word' id='word_1_424' title='bbox 1690 4404 1693 4978; x_wconf 95' lang='lat' dir='ltr'><strong><em> </em></strong></span> 
     </span>
    </p>
   </div>
  </div>
 </body>
</html>
