3384 5142
324 430 358 484 18
818 436 971 488 EVGIPPII

323 605 374 670 uir
396 603 451 670 dei
472 605 619 672 sentiens
634 626 655 670 a
670 627 707 670 se
727 625 848 690 magna
870 604 1006 692 deposci
1027 607 1106 671 fletu
1128 614 1309 673 commotus
1332 608 1460 674 aicbat:

324 691 410 776 ‘quid
440 693 604 779 opprimor
631 693 784 778 opinione
813 692 946 758 fallaci?
977 713 1037 757 our
1063 696 1220 759 aestimor
1245 715 1346 780 posse
1373 695 1462 780 quod

324 783 482 863 ‘nequcol
504 799 571 844 non
595 785 646 844 est
667 779 800 844 uirtutis
824 799 919 844 meac
936 784 1105 864 praestare
1120 786 1188 844 tam
1203 781 1357 866 grandia:
1382 802 1461 846 con-

324 865 443 929 ‘silium
465 871 576 930 tamen
599 863 641 930 do
656 870 822 950 tamquam
837 865 1092 930 misericordiam
1116 873 1310 932 consecutus
1333 888 1354 932 a
1376 865 1462 936 deo'.

323 957 400 1015 tunc
422 951 556 1016 mandat
578 951 717 1031 mulieri,
739 958 776 1016 ut
798 952 999 1037 pauperibus
1022 952 1146 1038 aliquid
1168 973 1227 1039 pro
1245 954 1315 1017 suis
1330 953 1459 1019 uiribus
1492 976 1505 1016 a

323 1038 507 1122 largiretur.
554 1037 612 1102 illa
637 1038 719 1102 nihil
745 1045 873 1103 morata
900 1044 1041 1117 uestem,
1070 1059 1167 1124 quam
1198 1039 1313 1105 induta
1341 1040 1461 1120 fuerat,

284 1121 361 1189 3so
388 1124 548 1189 uelociter
583 1143 708 1189 exuens
747 1124 922 1209 egentibus
956 1124 1104 1190 diuidere
1137 1126 1345 1211 properabat.
1395 1146 1461 1211 quo

324 1209 435 1274 audito
464 1211 516 1275 uir
544 1210 598 1275 dei
625 1210 789 1275 feruorem
817 1212 889 1276 cius
917 1209 1082 1276 admirans
1110 1212 1231 1276 iterum
1251 1212 1395 1293 mandat,
1423 1218 1463 1276 ut

324 1297 392 1360 suis
426 1296 607 1382 operiretur
634 1297 826 1377 amictibus,
858 1296 987 1362 dicens:
1016 1302 1101 1361 ‘oum
1129 1298 1216 1363 filius
1243 1305 1320 1363 tuus
1351 1305 1462 1363 tecum

324 1382 466 1448 ‘dominc
490 1387 626 1448 sanante
648 1384 840 1468 perrexerit,
869 1404 969 1469 opere
998 1389 1079 1449 uota
1101 1382 1292 1471 supplebis'.
1336 1383 1460 1450 indicto
1479 1408 1506 1447 ro

323 1469 424 1554 igitur
454 1490 632 1555 paucorum
664 1469 790 1534 dierum
822 1469 864 1534 de
894 1485 988 1534 ‘more
1016 1471 1147 1550 ieiunio,
1180 1471 1261 1536 fusis
1293 1471 1336 1535 ad
1364 1470 1463 1536 deum

324 1555 476 1641 precibus
499 1557 574 1619 ilico
599 1556 728 1620 sanauit
750 1555 914 1620 infirmum
937 1562 1037 1642 atque
1059 1557 1259 1622 incolumem
1282 1557 1351 1622 suis
1367 1577 1461 1642 gros-

215 1667 217 1671 ’
284 1639 304 1698 4
324 1641 414 1706 sibus
437 1642 662 1708 ambulantem
678 1643 806 1708 remisit
828 1642 872 1707 ad
893 1643 1034 1728 propria.
1071 1643 1126 1728 qui
1149 1662 1223 1707 cum
1245 1649 1362 1729 postca
1376 1665 1462 1709 nuu-

325 1727 409 1792 dinis
433 1727 661 1815 frequentibus
684 1729 869 1807 interesset,
898 1728 1096 1814 stupendum
1117 1730 1312 1794 miraculum
1335 1731 1464 1795 cunctis

324 1812 512 1880 uidentibus
542 1814 732 1880 exhibebat.
785 1814 933 1879 nonnulli
960 1815 1049 1882 enim
1075 1814 1244 1880 dicebant:
1273 1820 1363 1880 ‘ecce
1392 1817 1462 1897 ille,
1481 1838 1507 1877 ιι

325 1901 392 1986 ‘qui
406 1899 515 1966 fuerat
529 1902 629 1966 totius
653 1901 797 1986 corporis
820 1900 994 1986 putredine
1010 1900 1216 1977 tabefactus’3
1248 1902 1321 1966 aliis
1337 1907 1460 1983 autem,

325 1986 411 2072 quod
437 1987 511 2072 ipse
535 1993 632 2066 esset,
661 1987 791 2053 omnino
814 1988 1015 2072 negantibus
1037 1993 1132 2072 grata
1154 1989 1322 2054 contentio
1344 2008 1461 2053 nasco-

284 2069 303 2130 5
323 2073 430 2137 batur.
476 2095 519 2138 ex
540 2073 596 2138 illo
617 2074 717 2158 igitur
739 2079 898 2158 tempore,
928 2094 992 2158 quo
1015 2081 1067 2138 est
1092 2073 1220 2139 reddita
1252 2075 1374 2138 sanitas
1402 2072 1462 2139 de-

325 2163 468 2243 sperato,
489 2160 643 2224 uniuersa
657 2160 827 2244 Rugorum
842 2180 923 2244 gens
945 2160 985 2223 ad
1002 2159 1055 2224 dei
1076 2160 1235 2224 famulum
1250 2160 1462 2245 frequentans

325 2245 435 2328 coepit
457 2246 684 2330 gratulationis
707 2246 902 2331 obsequium
926 2244 1063 2310 reddere
1087 2251 1121 2311 et
1142 2267 1240 2333 opem
1263 2248 1331 2310 suis
1346 2251 1462 2332 postu·
1481 2268 1508 2308 ao

324 2330 392 2394 lare
423 2330 621 2416 langoribus.
676 2331 717 2396 de
750 2332 823 2396 aliis
855 2331 956 2396 ctiam
989 2332 1161 2416 gentibus,
1196 2333 1237 2396 ad
1266 2352 1348 2417 quas
1378 2333 1463 2398 tanti

325 2416 470 2480 miraculi
496 2418 585 2482 fama
605 2423 812 2504 peruenerat,
843 2419 937 2483 multi
960 2415 1084 2482 Christi
1106 2419 1242 2483 militem
1265 2418 1380 2482 uidere
1404 2436 1463 2483 cu-

285 2498 305 2559 6
325 2501 469 2588 piebant.
507 2525 570 2590 qua
592 2503 770 2570 deuotione
793 2504 894 2568 etiam
916 2510 991 2576 ante
1015 2505 1078 2568 hoc
1093 2505 1216 2570 factum
1231 2504 1367 2590 quidam
1383 2505 1461 2569 bar·
1498 2569 1501 2577 ,

325 2589 404 2670 bari,
434 2610 508 2654 cum
531 2589 572 2655 ad
594 2589 725 2654 Italiam
748 2596 934 2676 pergerent,
963 2591 1199 2675 promerendae
1223 2591 1463 2656 benedictionis

325 2675 367 2740 ad
389 2695 464 2740 eum
486 2677 607 2741 iutuitu
630 2676 854 2742 deuerterunt.
1484 2697 1509 2738 a

286 2758 300 2817 l
402 2761 482 2827 VH.
502 2761 594 2828 Iuter
609 2783 690 2848 quos
706 2768 739 2827 et
754 2762 937 2842 Odouacar,
959 2763 1016 2848 qui
1030 2768 1147 2848 postea
1162 2763 1318 2847 regnauit
1331 2763 1463 2843 Italiac,

323 2848 481 2912 uilissimo
514 2855 592 2914 tunc
622 2849 735 2913 habitu
767 2850 896 2914 iuuenis
924 2854 1050 2914 statura
1079 2869 1236 2934 procerus
1269 2849 1464 2916 aduenerat.

325 2933 478 3018 quidum
502 2955 548 3014 se,
570 2955 612 3000 uc
635 2935 833 3000 humillimae
855 2941 978 2999 tectum
1002 2935 1143 3000 cellulae
1166 2955 1226 3000 suo
1242 2936 1368 3001 uertice
1383 2956 1463 3000 con-

323 3019 475 3103 tingeret,
505 3021 704 3103 inclinasset,
728 3043 748 3087 a
768 3023 841 3087 uiro
865 3021 919 3087 dei
940 3022 1119 3107 gloriosum
1142 3042 1179 3086 se
1201 3022 1272 3086 fore
1296 3021 1462 3106 cognouit.

410 3199 571 3268 manco).
589 3199 776 3266 ramma).
795 3200 870 3267 sur
888 3201 1005 3270 aaa).
1023 3201 1142 3268 noum
1160 3201 1280 3262 azeca).
1295 3170 1339 3240 ’-
1359 3199 1395 3254 aa
1412 3201 1471 3267 qus

325 3271 384 3322 dum
403 3271 509 3324 barbari
616 3287 645 3337 p.
661 3271 707 3334 19,
721 3270 766 3336 213
787 3273 931 3340 largiturus
958 3271 1116 3324 Ocaaatara'a
1139 3273 1203 3324 Ital.
1223 3291 1257 3315 ==
1276 3269 1364 3323 Auara
1384 3269 1471 3323 Valet.

326 3355 347 3391 e.
361 3341 394 3392 46
417 3340 517 3406 (cbroa.
535 3341 597 3393 mia.
615 3341 664 3394 ool.
682 3346 696 3391 1
712 3357 742 3405 p.
755 3342 828 3407 314),·
845 3341 936 3394 aaran
953 3341 1088 3393 immutata
1105 3340 1208 3398 Paulae
1227 3340 1285 3392 bist.
1297 3339 1373 3392 Born.
1391 3344 1433 3404 15,
1444 3340 1471 3391 8.

412 3507 426 3559 1
445 3509 540 3574 agebat
557 3507 588 3559 K
664 3504 814 3573 3uirtutis]
832 3506 902 3558 enim
913 3522 939 3557 u.
956 3505 981 3556 L
1066 3501 1199 3570 dtamen]
1218 3501 1351 3554 autch
1398 3509 1465 3553 tarn-

326 3593 405 3642 quam
426 3594 460 3629 m.
478 3593 501 3628 c.
518 3593 535 3628 a
552 3578 599 3628 dac
622 3592 672 3628 om.
689 3575 715 3626 L
800 3575 909 3626 bucata
931 3574 987 3625 LK
1034 3572 1124 3641 quam]
1147 3587 1201 3638 qua
1218 3572 1243 3624 L
1330 3570 1465 3638 'legenti-

326 3643 384 3712 bus]
408 3647 497 3714 egenis
520 3645 567 3698 SR
652 3643 811 3697 Smandans
829 3644 871 3694 A·
956 3642 1051 3695 lituus
1073 3659 1124 3694 om·
1146 3641 1186 3692 2³¹
1237 3648 1326 3692 tecum
1349 3657 1399 3691 om.
1419 3640 1467 3690 lli·

327 3713 361 3767 10
378 3712 519 3783 supplebis]
538 3712 738 3781 complebisK.
800 3711 833 3765 12
846 3713 951 3765 sanabit
962 3712 1000 3763 0¹
1051 3713 1200 3764 incolumen
1213 3709 1296 3761 0οΜ
1375 3709 1409 3762 13
1426 3726 1467 3762 rc-

325 3783 404 3852 mislt]
422 3786 460 3836 irc
477 3786 554 3836 iussit
571 3783 605 3845 N,
624 3801 674 3836 om.
691 3782 717 3834 A
799 3780 833 3834 16
850 3783 1013 3850 putredinem
1029 3781 1061 3832 K
1142 3779 1174 3832 l‘l
1193 3776 1333 3846 contentio]
1353 3779 1467 3832 intentio

326 3853 356 3903 K
440 3851 473 3905 18
491 3851 551 3921 quo]
571 3852 639 3920 quod
657 3850 772 3905 G²NAS
822 3853 892 3905 redd
910 3848 977 3917 sam]
995 3852 1043 3902 ret.
1061 3857 1087 3901 ct
1102 3848 1159 3913 Bm,
1186 3863 1243 3902 sau.
1262 3849 1332 3900 redd
1350 3845 1465 3899 ΝΒΜ*

326 3918 402 3986 18119
425 3923 561 3989 desperata
581 3921 607 3972 L
699 3919 731 3973 19
753 3922 876 3973 uniuersa
901 3918 1036 3986 rugorum]
1063 3921 1248 3971 uniuersorum
1277 3917 1387 3984 (sorum
1409 3915 1454 3967 M·

325 3991 509 4057 gothorumM
599 3987 676 4058 22123
694 3991 814 4058 cupiebat
829 3990 872 4041 K⁸
967 3987 1002 4040 23
1019 3988 1141 4055 quamK
1235 3985 1270 4038 25
1288 3987 1457 4039 deuerterunt

325 4061 485 4112 demanarunt
495 4060 528 4124 L,
547 4061 679 4114 decertem
697 4060 738 4110 A·
823 4057 858 4111 26
875 4056 1014 4125 odouacer]
1035 4053 1172 4124 OGBW,
1195 4057 1310 4108 odachar
1326 4055 1372 4117 13¹,
1395 4056 1469 4107 odae

324 4130 423 4180 uachar
435 4128 502 4194 Bm),
521 4131 631 4181 odoacar
640 4130 682 4193 II,
698 4127 866 4196 odouagerfl,
885 4131 995 4181 odoacar
1002 4127 1035 4191 L,
1053 4128 1149 4180 odacar
1167 4125 1250 4177 Vates.
1329 4122 1362 4174 27
1382 4123 1469 4175 ulissi-

325 4215 367 4250 mo
384 4198 430 4262 L1,
454 4197 616 4250 uilhrimsA
668 4206 732 4250 tunc
750 4215 798 4250 otro.
814 4195 900 4250 Valeo.
969 4194 1004 4248 28
1022 4213 1051 4248 se
1066 4213 1100 4248 na
1119 4196 1164 4260 (ne
1181 4204 1244 4246 ante
1262 4190 1468 4260 contingeretla)

326 4284 375 4320 om.
390 4267 473 4320 Valca.
530 4268 702 4331 humillimae]
720 4268 865 4320 humillimo
880 4267 973 4327 Vates..
990 4267 1089 4318 humile
1106 4263 1179 4330 (lem
1191 4261 1290 4327 mor
1346 4258 1468 4328 cellulae]

326 4353 348 4388 c.
364 4353 427 4389 suae
445 4337 518 4401 Bw,
540 4353 563 4389 c.
580 4338 636 4390 eius
658 4337 741 4388 Valeo.
842 4334 877 4388 29
900 4351 928 4388 se
948 4338 1004 4388 fore
1027 4335 1104 4402 (forts
1128 4333 1224 4397 Voles.)
1251 4328 1384 4398 cognouit]
1410 4346 1470 4384 scso

325 4407 515 4476 recognocitK
