3384 5142
336 342 443 398 XXXII
505 343 728 399 PROOEMIVM
745 345 795 400 AD
812 346 973 402 EVGIPPII
990 347 1111 403 VITAM
1128 348 1311 405 SEVERINI.

494 517 547 598 50,
564 521 608 584 32
632 517 796 608 dubitetis]
821 520 969 586 dubitent
982 518 1040 604 ΕΙ,
1062 523 1175 608 pigeat
1188 523 1256 588 RH.

438 672 486 738 R1
508 695 628 740 errores
644 677 787 758 proprii:

492 781 544 857 11,
561 782 581 842 6
603 776 729 867 astruis]
753 781 888 844 canturio
902 779 959 845 R1.

493 866 605 943 30,19
627 863 819 954 tristissimo]
841 889 913 931 xxx
936 867 988 932 die
1010 868 1192 933 tristissimo
1205 867 1263 933 R1.

439 1018 497 1084 RII
522 1041 644 1085 errores
658 1023 803 1102 proprii:

494 1125 888 1277 17,11bla{roci111{alrlrtium
915 1125 1140 1214 barbarorum]
1162 1128 1422 1193 latrocinantium
1445 1135 1480 1194 et

492 1299 603 1375 24,16
621 1232 859 1385 adlrtldlrlrrrinatia]
884 1299 1047 1364 exterritis
1062 1297 1130 1364 RH.

491 1382 602 1462 26,15
626 1385 676 1448 cui
698 1385 831 1449 businca
854 1406 974 1451 nomen
997 1383 1057 1474 est]
1081 1386 1235 1473 quintana
1262 1388 1392 1451 nomine
1407 1386 1476 1453 RH.

494 1469 615 1554 42,1J2
635 1471 764 1556 integer
797 1469 893 1560 inter]
924 1473 1054 1538 interim
1087 1475 1172 1537 inter
1193 1470 1258 1556 Ru,
1287 1474 1479 1539 interimitur

595 1556 680 1621 inter
695 1557 763 1640 ΒΜ,
785 1560 870 1623 inter
895 1562 965 1642 (om.
987 1558 1131 1645 integer)
1146 1559 1199 1623 Ic.

493 1644 545 1721 42,
561 1645 592 1708 2.
599 1640 949 1795 guillietlilloilltffms
971 1645 1145 1734 annum,
1168 1646 1313 1731 integros
1327 1645 1479 1731 regnabit

632 1995 701 2068 IV.
735 1995 1185 2069 ORTHOGRAPHIOA.

427 2142 677 2227 Orthoprapdicu
690 2146 727 2209 iu
741 2147 972 2224 commemoria,
982 2146 1076 2209 cuius
1090 2146 1210 2209 codices
1223 2144 1279 2208 444
1292 2144 1338 2208 ad
1350 2163 1431 2208 saec.
1443 2143 1480 2208 X

337 2229 550 2309 adscendunt,
581 2237 662 2295 reete
694 2237 901 2313 sperueutur;
927 2253 1004 2296 uam
1032 2231 1203 2296 soloecismi
1231 2232 1268 2295 44
1291 2231 1336 2294 iis
1362 2231 1479 2310 reperti

338 2314 543 2382 librariorum
556 2316 623 2398 fere
644 2324 729 2393 suut,
744 2339 809 2382 ucu
828 2320 978 2382 auctoris.
1027 2317 1171 2382 Ceterum
1184 2317 1306 2398 poterit
1319 2317 1377 2397 qui
1390 2315 1477 2394 uolet,

338 2421 446 2467 eorum
466 2403 632 2468 iuutilium
655 2404 793 2485 amplam
814 2426 942 2469 messem
962 2405 1099 2485 reperire
1121 2404 1157 2467 44
1178 2407 1341 2483 apparatu
1359 2401 1477 2467 Kuoel

339 2487 436 2555 liauo.
480 2490 607 2554 Addere
632 2511 757 2571 possem
784 2511 823 2555 eu
844 2497 951 2555 uostrc
964 2491 998 2555 K
1017 2489 1156 2568 similia,
1185 2490 1323 2554 444444
1344 2489 1367 2553 h
1388 2488 1477 2552 modo

338 2573 419 2640 uua
433 2576 558 2640 adiecta
573 2576 637 2661 (his
654 2577 795 2641 hostium
810 2575 881 2663 cet.)
896 2579 986 2642 modo
1002 2576 1083 2640 maie
1098 2578 1215 2641 ourissa
1237 2575 1308 2662 (aut
1322 2608 1363 2630 =
1378 2575 1476 2652 haud,

340 2663 508 2744 exortaril:
532 2663 686 2727 acceduut
706 2664 814 2744 nichil,
837 2664 936 2727 michi
956 2701 992 2711 —
1013 2663 1125 2749 inquid
1142 2695 1182 2718 =
1199 2663 1307 2744 iuquit
1324 2699 1366 2709 -
1384 2662 1476 2747 spiri-

339 2749 434 2812 tualis
446 2780 486 2802 =
499 2749 658 2828 spiritatis
672 2751 771 2832 (quod
784 2750 820 2814 44
836 2755 1029 2830 apparatum
1041 2750 1228 2830 recepimus)
1240 2755 1270 2813 et
1283 2750 1420 2834 languor
1434 2779 1476 2802 =

342 2833 453 2915 mupor
467 2872 509 2881 -
526 2835 689 2918 ammodo,
712 2837 887 2915 ammirari,
903 2836 972 2900 alia
984 2836 1115 2900 similia.
1164 2835 1282 2900 Ooutra
1295 2836 1336 2900 ab
1350 2839 1478 2899 auctae

340 2921 467 2984 omuiuo
478 2922 728 3002 proficiscamur
746 2929 826 2987 reete
842 2928 953 2986 coutra
973 2944 1069 2986 uuam
1082 2921 1242 3002 rudparem
1262 2923 1383 3004 scripta
1396 2941 1478 3003 quae

340 3005 392 3070 dic
413 3005 480 3070 illic
501 3007 620 3072 codices
640 3009 743 3073 uostri
764 3013 949 3086 serraruut,
978 3014 1017 3072 ut
1043 3013 1121 3072 suut
1149 3008 1303 3073 oboedire
1326 3013 1356 3072 et
1376 3008 1476 3072 inter-

340 3093 435 3176 nicio,
457 3094 532 3158 item
547 3095 681 3173 quadiu
696 3101 890 3175 apparatum
903 3094 1085 3159 rettulimus
1100 3093 1328 3159 adversantum
1342 3093 1477 3158 similia

339 3200 399 3260 que
421 3183 488 3260 (17,
499 3182 553 3244 23.
574 3181 691 3257 2315.
713 3183 766 3259 28,
780 3184 832 3245 20.
856 3185 909 3260 36,
924 3184 984 3261 28)
1000 3201 1063 3263 pro
1084 3183 1192 3262 tium,
1213 3182 1288 3246 item
1307 3202 1477 3246 mensuum

340 3264 392 3344 35,
407 3268 429 3328 8
451 3271 481 3330 et
503 3287 632 3330 ossuum
648 3269 699 3347 17,
709 3269 763 3333 26.
807 3267 954 3348 Deuipue
967 3269 1053 3350 quod
1062 3269 1186 3347 passim
1201 3267 1281 3331 maie
1288 3273 1477 3348 permutem

342 3357 397 3415 tur
424 3352 445 3415 b
472 3357 502 3416 et
531 3374 552 3417 v
582 3353 634 3438 (ut
654 3353 691 3416 iu
709 3352 742 3417 Κ
768 3359 814 3417 est
841 3354 979 3436 allubio,
1006 3353 1203 3436 uenibolus),
1226 3374 1298 3417 crau
1318 3355 1378 3417 iste
1398 3374 1479 3416 usus

334 3439 508 3520 praecipue
520 3439 660 3503 Italicus
670 3439 715 3503 ibi
721 3459 782 3522 per
791 3439 894 3520 plura
908 3441 1036 3504 saecula
1047 3441 1209 3517 meuserit,
1221 3445 1259 3502 ut
1272 3439 1316 3502 ad
1330 3438 1478 3504 liturarios

341 3524 390 3586 ita
399 3530 504 3604 potest
518 3526 621 3589 redire
635 3527 678 3589 ad
689 3525 888 3607 Eupippium
903 3527 1018 3607 ipsum.
1051 3528 1094 3591 Iu
1109 3524 1358 3607 orthographicis
1368 3525 1479 3588 classis

340 3611 497 3675 secuudae
526 3611 622 3676 libros
641 3613 749 3692 primo
775 3612 886 3677 ordiue
905 3612 1092 3696 pierumque
1117 3612 1225 3676 iuueui
1245 3632 1310 3675 esse
1331 3612 1478 3691 potiores.

431 3866 641 3932 Adiutcrium
670 3887 691 3930 a
724 3868 834 3932 multis
863 3869 948 3933 uotis
975 3868 1150 3950 ipuotispue
1183 3869 1220 3932 44
1251 3869 1385 3932 editioue
1420 3869 1480 3933 tac

335 3953 493 4034 parauda
515 3953 595 4016 milri
616 3955 810 4034 praestitum
838 3961 877 4018 ut
900 3960 992 4036 prato
1014 3956 1121 4019 auimo
1142 3955 1296 4034 recordor,
1318 3956 1367 4019 ita
1389 3956 1479 4019 tabu-

342 4039 406 4104 lam
438 4039 553 4104 Norici
583 4041 710 4121 autiqui
744 4039 842 4104 libello
874 4042 1031 4105 adiectam
1063 4041 1193 4107 4444444
1220 4046 1380 4123 acceptam
1412 4041 1480 4123 fero

341 4125 483 4190 Heurico
505 4125 638 4206 Kiepert
659 4127 760 4191 amico
782 4127 1026 4192 semisueadari.
