3384 5142
316 367 333 422 e
423 341 427 350 '
809 369 963 420 nvenrn

402 537 494 603 XVI.
517 537 570 604 De
601 535 725 604 Siluino
761 539 955 625 presbytero
986 539 1150 622 defuneto,
1185 539 1277 603 euius
1309 539 1452 604 cadauer

316 625 437 690 feretro
465 625 652 710 impositum
680 624 852 690 eelebratis
878 635 974 690 noete
1001 627 1125 710 uigiliis
1153 647 1230 690 mox
1260 625 1302 690 ad
1333 647 1450 690 uoeem

316 711 463 777 uocantis
486 710 614 796 aperuit
636 713 757 791 oeulos,
785 731 907 796 rogans
935 711 989 776 dei
1016 712 1183 791 famulum,
1211 733 1276 798 quo
1309 718 1450 777 uooante

318 798 497 876 reuixerat,
521 818 562 862 ne
585 798 722 862 ulterius
746 805 885 882 experta
907 799 1022 884 requie
1044 799 1239 884 priuaretur.

404 882 515 947 XVII.
544 882 651 956 Quam
685 885 824 949 sollicita
855 885 1057 970 pauperibus
1091 906 1170 949 eura
1202 885 1450 965 ministrauerit,
1485 906 1497 944 e

316 971 371 1036 uel
394 969 480 1054 quod
503 968 722 1036 distributioni
744 971 815 1036 eius
838 973 939 1036 etiam
953 970 1066 1036 Norici
1081 971 1225 1036 decimas
1248 970 1449 1055 dirigebant,

317 1056 437 1141 quibus
460 1056 500 1120 de
523 1076 613 1120 more
635 1057 769 1143 perlatis
791 1059 975 1140 perieulum
997 1056 1060 1140 his,
1084 1059 1139 1144 qui
1169 1057 1311 1141 dirigere
1344 1056 1450 1122 disiu-

316 1143 432 1223 lerant,
456 1142 626 1208 imminere
648 1143 823 1229 praedixit.

401 1227 530 1293 XVIII.
554 1228 836 1303 Quemadmodum
858 1229 986 1314 rubigo,
1003 1250 1086 1314 quae
1108 1231 1274 1296 messibus
1297 1230 1450 1295 nocitura

316 1320 485 1400 paruerat,
507 1336 567 1400 per
588 1317 694 1381 uirum
716 1316 768 1380 dei
790 1316 919 1380 ieiuniis
943 1322 977 1380 et
999 1318 1145 1381 oratione
1167 1317 1305 1402 depulsa
1328 1318 1383 1381 sit.
1469 1337 1495 1375 ιο

402 1400 549 1468 XVIIII.
572 1400 667 1474 Quod
681 1402 852 1482 Gibuldus‚
867 1401 1125 1467 Alamannorum
1140 1425 1211 1484 rex,
1227 1425 1337 1468 eoram
1351 1423 1450 1467 seruo

316 1486 371 1551 dei
392 1508 513 1572 magno
536 1488 579 1553 sit
599 1496 740 1555 tremore
756 1509 933 1554 ooneussus
953 1497 991 1554 et
1012 1490 1192 1555 reddiderit
1207 1489 1450 1555 multitudinem

317 1575 532 1658 captiuorum.

406 1659 481 1724 XX.
504 1658 674 1733 Quomodo
698 1661 729 1726 ei
761 1661 902 1725 militum
938 1661 1036 1726 fuerit
1071 1661 1256 1726 interfectio
1293 1662 1450 1741 reuelato,

317 1752 458 1896 pgopter·
475 1767 611 1830 quorum
634 1768 772 1833 corpora
795 1748 985 1833 sepelienda
1009 1769 1089 1813 suos
1113 1749 1303 1833 ignorantes
1331 1747 1453 1813 direxit
1472 1776 1497 1814 ιι

317 1853 336 1896 a
404 1853 526 1898 nurum.

401 1917 496 1984 XXI.
517 1919 691 1984 Paulinum
713 1920 953 2005 presbyterum,
978 1920 1034 2005 qui
1056 1919 1096 1983 de
1111 1920 1289 2006 longinquo
1313 1919 1354 1984 ad
1378 1936 1454 1985 eum

315 2010 474 2154 ηθὲθτπᾶ
486 2012 708 2072 reuertentem
729 2006 771 2070 ad
793 2007 933 2091 patriam
954 2007 1120 2092 praedixit
1134 2005 1247 2071 Noriei
1263 2007 1454 2092 episcopum

316 2111 351 2154 or
376 2112 452 2154 man
476 2112 541 2156 um.

402 2176 513 2243 XXII.
537 2177 642 2260 Quod,
666 2177 743 2242 dum
771 2178 934 2244 basilicae
958 2199 1064 2244 nouae
1095 2180 1282 2244 sanctuaria
1310 2201 1451 2264 quaere·
1470 2205 1497 2245 ao

317 2268 446 2344 rentur,
469 2264 555 2327 ultro
587 2265 649 2328 sibi
677 2265 780 2330 saneti
806 2265 963 2330 Iohannis
990 2264 1155 2351 baptistae
1186 2263 1452 2331 benedictionem

316 2351 599 2432 praenuntiauerit
620 2350 830 2416 deferendam
854 2357 888 2416 et
909 2352 958 2415 illi
981 2352 1101 2439 oppido
1117 2352 1244 2417 eladem
1261 2374 1297 2417 se
1313 2353 1452 2418 absente

316 2434 468 2585 {etpram
507 2457 571 2522 qua
607 2439 641 2502 in
678 2438 872 2524 baptisterio
909 2439 1083 2523 presbyter
1115 2439 1316 2525 uaniloqnax
1351 2440 1453 2503 inter-

332 2541 368 2585 eo
384 2543 421 2586 us
445 2528 505 2586 est.

403 2607 532 2674 XXIII.
553 2607 705 2682 Qualiter
728 2611 914 2674 sanctuaria
935 2610 1106 2696 praedicta
1127 2612 1318 2698 susceperit.
1470 2637 1496 2677 aa

403 2693 550 2762 XXIIII.
573 2695 626 2760 De
648 2697 854 2761 mansoribus
870 2698 1005 2762 alterius
1023 2697 1143 2783 oppidi,
1160 2699 1215 2784 qui
1231 2704 1343 2784 spreto
1358 2717 1452 2762 meu·
1543 2703 1546 2709 '

318 2779 425 2844 dantis
449 2782 582 2848 oraculo
603 2803 680 2847 mox
702 2783 744 2848 ab
767 2783 904 2849 Herulis
925 2783 1091 2848 interfeoti
1120 2791 1206 2865 sunt,
1235 2785 1311 2870 quia
1344 2785 1453 2849 loenm

317 2868 513 2952 praemoniti
535 2869 721 2952 relinquere
743 2871 928 2935 noluerunt.

404 2953 513 3020 XXV.
545 2953 827 3027 Quemadmodum
858 2956 987 3041 seriptis
1017 2954 1059 3020 ad
1094 2955 1249 3020 Norioum
1279 2955 1453 3022 destinatis

319 3040 455 3104 castella
490 3041 619 3104 ieiuniis
662 3047 760 3127 atque
798 3043 996 3128 elemosynis
1040 3043 1289 3127 praemunierit,
1333 3043 1451 3127 quibus
1471 3080 1505 3119 30.

319 3127 551 3212 praenuntiata
573 3127 676 3192 bostis
697 3129 832 3214 irruptio
855 3149 975 3195 noeere
998 3149 1064 3193 non
1086 3130 1204 3214 potuit.

404 3211 529 3278 XXVI.
559 3213 611 3278 De
640 3214 770 3300 leproso
800 3214 977 3295 mundato,
1006 3216 1063 3300 qui
1091 3215 1215 3280 reuerti
1238 3214 1279 3279 ad
1308 3213 1455 3300 propria,

319 3317 360 3366 ne
383 3298 415 3364 le
439 3320 511 3364 ram
533 3301 660 3386 peceati
683 3301 789 3386 magis
812 3303 1002 3380 incurreret,
1024 3301 1154 3366 uitauit.

472 3385 547 3452 VII.
570 3385 623 3452 De
645 3387 792 3464 uiolatio,
815 3410 913 3473 quam
935 3387 1024 3473 apud
1042 3387 1181 3453 Batauis
1204 3386 1245 3452 de
1261 3385 1455 3452 Alamannis

320 3471 466 3538 oratione
498 3473 605 3538 saneti,
637 3473 788 3540 Seueriui
820 3496 990 3560 sumpsere
1012 3473 1163 3553 Romani,
1195 3479 1229 3540 et
1259 3471 1349 3558 quod
1380 3478 1456 3558 post
1475 3509 1501 3549 ³5

406 3608 543 3676 rmoe).
562 3609 599 3662 II
612 3608 723 3678 (ms).

406 3729 557 3798 2imposito
578 3733 622 3784 OG
709 3729 823 3851 qudd
850 3749 903 3798 quo
923 3731 955 3781 N
1000 3727 1090 3797 etiam]
1116 3738 1184 3782 etam
1206 3730 1232 3781 A
1285 3731 1333 3799 dir.
1354 3731 1409 3784 deo.
1433 3727 1458 3780 L

319 3797 380 3864 9110
397 3801 515 3853 nocitura
532 3808 666 3869 aperuerat
684 3799 709 3850 A
792 3801 805 3852 1
841 3801 966 3867 giuuldua
982 3799 1015 3865 L,
1033 3799 1161 3868 gebuldns
1179 3799 1217 3849 ΙΙ
1294 3795 1381 3865 liei]
1398 3816 1413 3850 e
1431 3798 1458 3848 A

320 3867 354 3920 16
371 3870 463 3921 fluuim
481 3869 511 3920 N
602 3869 635 3924 18
653 3868 833 3923 reuertenteO
883 3866 1012 3935 norieilI,
1029 3886 1090 3920 mox
1107 3868 1146 3919 ΙΙ
1231 3866 1264 3921 19
1282 3869 1420 3920 ordinandi
1433 3867 1459 3919 G

320 3936 354 3990 22
375 3939 511 3992 deferenda
532 3939 557 3990 A
628 3937 662 3992 23
684 3937 745 4005 qua]
774 3939 842 4006 quod
865 3939 891 3990 L
958 3935 1036 4003 aba?
1059 3938 1188 3991 mandatis
1211 3937 1262 3990 Le
1331 3936 1366 3990 28
1383 3953 1458 4005 prae·

319 4009 413 4061 muniti
435 4008 472 4058 ΙΙ
554 4007 589 4060 29
610 4005 721 4076 seriptis]
742 4008 786 4072 II,
813 4007 903 4059 obal
953 4009 1017 4059 dest.
1038 4010 1072 4059 ed
1094 4026 1148 4060 nor.
1172 4007 1203 4058 L·
1284 4005 1319 4060 30
1341 4002 1458 4073 ieiuniis]

319 4078 361 4130 iel.
379 4079 540 4130 orationibus
563 4077 609 4128 TA
666 4078 841 4145 praemuniuit
855 4076 908 4142 OG,
925 4078 1105 4144 praemunient
1118 4077 1151 4128 N
1240 4074 1274 4128 33
1290 4077 1391 4144 peceati
1408 4092 1458 4126 ova.

321 4145 360 4197 ΙΙ
408 4145 511 4214 uitauit]
531 4147 555 4211 I,
573 4149 682 4200 euitauit
700 4147 739 4198 II
820 4145 855 4198 34
871 4148 963 4199 batau·
980 4145 1105 4211 (oerum
1125 4143 1240 4213 reptieofl
1262 4146 1299 4197 aie
1317 4146 1378 4196 libri
1399 4144 1461 4196 beai

321 4231 415 4280 mmor,
432 4217 484 4268 adri
501 4217 570 4283 quod
587 4217 635 4268 boe
652 4218 708 4269 loco
725 4217 852 4284 beptauis,
865 4217 925 4267 aliia
937 4217 1036 4268 amem
1047 4218 1139 4270 hatab·
1149 4216 1183 4279 L,
1193 4216 1253 4266 item
1263 4216 1366 4266 babebis
1376 4213 1407 4264 K
1412 4214 1461 4275 oia,

326 4283 351 4334 T
362 4285 494 4406 οαηεὲγέ
506 4287 552 4352 dia,
568 4286 601 4336 N
614 4287 703 4339 sanet:
720 4303 751 4338 aa
768 4286 936 4340 deterioribus
953 4287 1044 4338 batan-
1061 4294 1108 4337 eut
1118 4285 1211 4338 batab-
1228 4280 1286 4349 12³¹,
1303 4286 1396 4336 batan-
1414 4291 1462 4334 aut

320 4360 409 4422 pam-¹
488 4363 499 4394 1
