3384 5142
556 440 914 492 COMMEMORATORIVM
931 455 953 492 c.
963 436 1058 492 8-10.
1341 437 1374 492 21

240 613 308 678 rius
343 611 519 676 intimaret.
571 610 738 696 profectus
772 611 885 696 itaque
920 615 1039 677 cuncta
1073 610 1135 691 sic,
1169 613 1207 674 ut
1237 608 1288 674 uir
1321 608 1417 675 dria

240 698 452 786 praedixerat
480 697 616 762 miratus
647 697 782 763 inuenit.
827 698 857 762 is
887 698 988 783 igitur
1018 697 1060 762 ab
1092 696 1209 762 eodem
1234 696 1374 783 homine,

241 806 339 871 quem
366 783 553 870 repperisse
581 805 617 848 se
645 783 834 865 mirabatur,
861 784 1084 868 interrogatus
1113 783 1239 848 audiuit
1262 783 1374 848 dicen‘-

239 879 321 936 tem:
355 874 505 957 ‘putasne
527 890 663 956 possum
683 871 831 936 inuenire
855 871 1031 952 hominem,
1053 871 1108 955 qui
1129 891 1182 936 me
1206 869 1247 933 ad
1269 871 1376 935 uirum

86 1017 90 1024 ,
208 957 317 1039 s‘dei,
349 979 442 1022 cums
470 955 594 1041 ubique
615 956 704 1021 fama
732 956 930 1038 diffunditur,
960 977 1024 1042 qua
1052 957 1194 1022 uoluerit
1221 955 1374 1022 mercede

121 1124 124 1130 Ι
241 1044 430 1131 ‘perducat‘l
453 1042 509 1106 diu
533 1048 584 1108 est
607 1043 703 1123 enim,
727 1041 812 1128 quod
834 1043 925 1128 ipsos
945 1049 1077 1108 sanctos
1100 1048 1270 1128 martyres,
1294 1063 1374 1129 quo-

239 1136 324 1198 ‘rum
346 1130 500 1215 reliquias
516 1129 597 1209 fero,
620 1129 811 1214 suppliciter
824 1129 1008 1215 interpello,
1030 1135 1068 1193 ut
1079 1150 1106 1194 a
1121 1130 1180 1194 tali
1195 1129 1374 1194 ministerio

241 1217 385 1283 ‘tandem
420 1214 593 1301 aliquando
627 1216 735 1281 soluar
763 1213 933 1301 indignus,
970 1214 1056 1301 quod
1084 1216 1149 1280 hnc
1178 1236 1283 1301 usque
1309 1235 1376 1280 non

241 1303 427 1369 ‘temeraria
449 1301 726 1388 praesumptions,
750 1301 808 1368 sed
827 1302 984 1388 religiosa
997 1299 1373 1369 necessitatesnstinui’.

197 1419 223 1459 ιο
241 1396 319 1456 tunc
348 1389 481 1454 nuntius
508 1388 650 1453 hominis
673 1389 726 1453 dei
757 1390 828 1454 eius
858 1410 895 1454 se
924 1388 1112 1474 aspectibus
1139 1388 1417 1475 praesentauit.3

241 1477 299 1562 qui
328 1475 438 1541 debito
468 1481 655 1542 sanctorum
687 1475 840 1542 Gemasii
867 1482 902 1540 et
923 1474 1067 1540 Protasii
1095 1482 1275 1562 martyrum
1298 1473 1374 1539 reli-

241 1563 335 1648 quias
369 1561 493 1626 honore
529 1562 709 1647 suscipiens
743 1563 777 1626 in
803 1562 958 1635 basilica,
988 1581 1085 1646 quam
1112 1563 1147 1627 in
1174 1560 1375 1627 monasterio

241 1653 479 1728 constmxerat,
513 1648 684 1714 collocauit
713 1647 821 1714 officio
844 1647 1062 1713 sacerdotnm.
1107 1669 1170 1734 quo
1192 1649 1265 1714 loco
1288 1668 1375 1711 mar-

241 1740 349 1822 tyrum
373 1735 585 1820 congregarit
608 1736 794 1800 sanctuaria
808 1735 1030 1820 plurimorum,
1053 1755 1137 1820 quae
1154 1740 1264 1800 tamen
1280 1754 1375 1821 prae·

197 1850 222 1890 n
242 1828 342 1888 eunte
383 1842 515 1907 semper
546 1821 749 1886 reuelaticne
782 1821 977 1908 promeruit,
1010 1821 1118 1886 sciens
1152 1819 1377 1887 aduersarium

242 1930 342 1996 saepe
365 1909 534 1993 subripere
557 1907 618 1972 sub
636 1908 769 1972 nomine
785 1907 979 1973 sanctitatis.
1001 1908 1234 1993 *episcopatus
1249 1925 1376 1992 quoque
1397 1908 1419 1967 4

241 1994 398 2060 honorem
416 2000 453 2058 nt
475 1994 654 2081 susciperet
676 1994 862 2080 postulatus
883 1993 1055 2080 praefinita
1071 1995 1283 2079 responsione
1300 2013 1376 2057 con-

241 2082 354 2163 clusit,
384 2081 534 2146 sufficere
558 2080 620 2145 sibi
643 2079 770 2162 dicens,
793 2080 881 2165 quod
907 2079 1081 2146 solitudine
1103 2080 1289 2146 desiderata
1311 2079 1377 2166 pri-

240 2172 338 2232 uatus
380 2166 422 2232 ad
459 2167 549 2232 illam
587 2163 742 2232 diuinitus
779 2167 924 2231 uenisset
954 2166 1172 2252 prouinciam,
1204 2173 1242 2232 ut
1273 2166 1377 2231 turbis

194 2281 223 2321 ao
241 2254 467 2320 tribulantium
501 2253 726 2338 frequentibus
758 2253 943 2319 interesset.
1005 2252 1138 2318 daturus
1168 2253 1377 2318 nihilominus

241 2340 411 2406 monachis
445 2339 582 2405 formam
618 2339 789 2404 sollicitius
823 2339 1021 2405 admonebat
1048 2340 1218 2405 beatorum
1248 2345 1378 2424 patrum

240 2427 392 2511 uestigiis
407 2427 589 2504 inhaerere,
614 2426 733 2511 quibus
749 2433 883 2492 sanctae
905 2427 1165 2491 conuersationis
1188 2425 1377 2510 adquirere·

240 2520 294 2577 tur
323 2513 511 2591 instructio,
542 2511 827 2597 adhibendamque
850 2532 1000 2598 operam,
1023 2533 1065 2577 ne
1087 2513 1126 2592 is,
1150 2513 1204 2597 qui
1225 2518 1378 2598 parentes

242 2599 376 2683 reliquit
391 2605 426 2664 et
449 2598 625 2680 saeculum,
648 2618 788 2684 pompae
803 2599 981 2665 saecularis
1003 2599 1185 2664 inlecebras
1200 2603 1378 2663 retrorsum

196 2706 223 2748 ss
241 2684 448 2770 respiciendo
472 2689 623 2770 cuperet,
647 2705 728 2770 quas
751 2683 932 2766 uitauerat,
955 2691 996 2766 et
1012 2684 1052 2749 ad
1076 2685 1138 2750 hoc
1160 2685 1271 2750 uxoris
1292 2683 1379 2749 Loth

242 2771 430 2856 exemplum
461 2770 607 2836 terribile
635 2771 850 2857 proponebat.
901 2770 1104 2837 memorabat
1132 2771 1231 2835 etiam
1259 2771 1376 2835 timore
1399 2774 1420 2834 5

242 2857 365 2923 domini
381 2856 606 2928 mortificanda
621 2879 696 2924 esse
711 2859 879 2923 incentiua
894 2857 1065 2922 libidinum
1085 2876 1145 2922 nec
1162 2857 1257 2923 aliter
1278 2877 1377 2942 supe·

242 2944 346 3009 randa
368 2965 406 3008 co
445 2964 543 3010 oreae
567 2943 793 3010 delectationis
815 2944 986 3012 asserebat
1008 2942 1175 3029 incendia,
1201 2944 1266 3008 nisi
1295 2942 1377 3008 fuis·
1426 2962 1428 2965 ·

244 3035 320 3096 sent
341 3051 401 3116 per
445 3031 477 3096 ei
499 3031 639 3116 gratiam
659 3031 868 3096 lacrimarum
889 3030 979 3096 fonte
1000 3031 1165 3097 restincta

197 3139 225 3180 ao
327 3117 370 3182 X.
395 3115 535 3191 Quidam
564 3138 644 3182 uero
671 3119 802 3182 nomine
831 3117 966 3182 Maurus
1001 3117 1155 3182 basilicae
1188 3114 1378 3183 monasterii

242 3203 303 3269 fuit
325 3202 486 3285 aedituus,
510 3224 609 3289 quem
631 3203 747 3269 beatus
765 3203 945 3270 Seuerinns
968 3202 1153 3270 redemerat
1167 3202 1209 3270 de
1225 3201 1377 3266 manibus
1400 3206 1416 3265 1

329 3409 441 3477 rur).
458 3408 644 3478 rurum).
664 3409 767 3478 aaa
784 3429 802 3464 a
819 3430 843 3464 v.
856 3417 902 3475 ro‚·
922 3415 954 3464 ar
964 3411 1084 3477 auca).
1101 3408 1346 3477 ammaum).

330 3583 459 3651 litaque]
477 3586 549 3705 itque
567 3581 666 3652 (amem
684 3583 887 3649 litterosaeffl
968 3583 1093 3654 digitur]
1113 3583 1212 3706 erpoA
1298 3581 1378 3635 iimi-

241 3653 367 3704 rabantur
384 3652 410 3704 A
512 3651 540 3720 l8
560 3670 577 3706 a
597 3655 645 3705 tali
666 3655 806 3707 ministerio
830 3656 935 3707 tandem
956 3672 1005 3706 cau
1023 3656 1058 3706 Μ
1174 3651 1236 3721 huc]
1259 3669 1330 3706 nunc
1347 3652 1383 3703 Μ

243 3719 261 3770 9
278 3728 439 3774 necessetate
455 3723 495 3775 Ῑιει
581 3722 615 3774 10
632 3725 687 3774 eius
705 3740 733 3775 se
750 3722 908 3791 aspectibus]
934 3726 990 3778 cius
1007 3741 1068 3776 cum
1084 3724 1232 3791 aspectibus
1249 3722 1378 3790 (aspectus

243 3787 301 3855 Bw)
314 3789 375 3841 It*W
393 3792 430 3842 ad
445 3807 500 3842 rem
511 3799 585 3856 reru,
595 3793 640 3844 sed
652 3792 752 3858 uidetur
763 3794 874 3857 scriptor
884 3794 938 3858 ipss
954 3794 1079 3846 mactas
1125 3801 1188 3858 post
1203 3793 1379 3861 praesentauit

245 3860 294 3910 ias.
312 3859 484 3926 reliquiasque
502 3867 647 3913 sanctorum
665 3863 697 3914 sb
719 3878 749 3914 sc
767 3864 910 3930 suscipiens
926 3864 984 3915 uiro
1002 3863 1044 3914 dai
1061 3863 1155 3914 detulit
1168 3862 1202 3914 Μ
1277 3860 1311 3915 13
1328 3861 1379 3913 ccl-

242 3925 351 3995 locauit]
378 3929 517 3981 collocauit
533 3936 559 3982 et
576 3932 691 3983 sacrauit
709 3930 815 3998 Sauppe
902 3928 936 3983 14
953 3933 1121 4000 plurimarum
1137 3931 1184 3982 M·
1268 3929 1302 3983 16
1319 3930 1380 3982 sub

243 4013 333 4064 rapere
357 3997 453 4050 Wclser
540 3996 573 4050 18
590 4000 660 4065 quod
692 4001 761 4067 quod
784 4002 834 4053 sibi
856 4000 888 4051 K
968 3999 1005 4054 20
1024 4001 1210 4053 tribulantibus
1226 3999 1273 4064 11¹,
1299 4001 1379 4052 tribu·

243 4067 370 4118 latiorum
383 4065 417 4116 Μ
494 4063 527 4117 21
545 4070 652 4120 formam
682 4086 799 4122 normam
817 4070 941 4122 coracinis
957 4070 1118 4138 Iduqippiaai
1135 4070 1233 4135 spread
1245 4086 1275 4135 p.
1295 4068 1380 4135 VIII)

243 4144 335 4188 aurwr
395 4135 567 4188 sollicitusII
623 4139 758 4190 beatorum
776 4139 864 4191 oamK
948 4137 983 4192 23
1000 4137 1032 4206 is]
1053 4141 1093 4192 his
1106 4138 1167 4190 ΜΝ
1250 4135 1285 4190 24
1302 4139 1379 4191 relin-

243 4207 302 4272 quit
324 4205 350 4256 Τ
412 4205 547 4258 saeculum
576 4209 717 4260 secundum
732 4206 758 4258 A
850 4206 885 4262 25
901 4206 1070 4278 respiciendo}
1089 4207 1149 4262 LB
1178 4208 1325 4275 aspiciendo
1338 4207 1381 4272 ΙΙ,

244 4273 444 4343 inspiciendos
511 4276 545 4328 ss
570 4277 603 4328 aa
621 4276 646 4327 a
748 4274 783 4328 aa
800 4278 1025 4331 memoraretur
1127 4248 1162 4329 rt
1179 4274 1285 4344 nomn]
1302 4275 1381 4329 cerr

242 4339 442 4465 {pdictqqpqrgasl
465 4345 642 4413 corporalisR
728 4344 872 4412 asserebat]
895 4348 1010 4400 adseruit
1025 4347 1052 4399 B
1158 4344 1192 4398 31
1209 4348 1260 4399 fnit
1282 4363 1331 4399 om.
1349 4344 1387 4397 Μ
