3384 5142
518 439 567 494 III.
585 438 804 495 APPARATVS
823 437 1008 495 ORITERIA.
1255 438 1334 493 XXV

277 614 420 678 entruait
443 613 669 678 monasterium
694 617 724 677 et
749 612 868 680 Saneto
891 612 1037 678 Seoerirro
1059 613 1233 691 dedicauit,
1255 612 1333 694 fun-

277 700 368 764 dasse
389 721 421 764 se
443 702 492 764 ait
512 701 546 764 in
565 699 678 786 predio
693 705 815 782 nostro,
828 701 863 764 in
878 699 1038 765 territorio
1050 699 1202 765 videlieet
1218 700 1331 782 Favie,

277 807 340 872 que
369 807 390 851 e
419 787 582 852 modernis
598 786 726 850 Vienne
755 792 968 872 nuncupetur.
1011 787 1064 851 Ab
1091 807 1125 852 eo
1156 787 1231 852 inde
1254 793 1332 852 tem·

269 892 350 954 pore
374 872 529 938 Viennam
550 874 733 938 Fauianam
754 875 888 954 quinam
909 873 1097 938 admiserint
1117 873 1330 950 reieeerintue,

276 960 314 1024 de
345 960 462 1041 quibus
490 960 707 1024 controuersiis
739 958 802 1024 late
830 960 976 1041 esposuit
1003 959 1189 1038 Kenuerus,
1219 965 1332 1024 nostra

276 1066 341 1110 non
361 1047 501 1110 interest.

191 1133 312 1200 Sarius
339 1133 376 1197 de
397 1133 544 1213 probatis
565 1137 747 1197 sauctorum
772 1129 916 1195 historiis
938 1131 1104 1213 (Coloniae
1125 1132 1204 1213 Apr.
1227 1129 1284 1197 ool.
1311 1133 1332 1194 1

277 1217 415 1282 a.1570
438 1239 475 1302 p.
494 1217 682 1301 153-161)
710 1218 810 1282 uitam
833 1217 962 1296 primus
991 1219 1091 1283 edidit
1120 1219 1165 1283 ad
1193 1218 1333 1282 codicem

276 1303 435 1368 obessisS
468 1305 558 1370 bodie
590 1305 739 1387 ipnotum.
804 1302 917 1370 Editio
946 1305 1086 1370 secunda
1116 1304 1175 1369 ool.
1198 1308 1219 1367 1
1244 1304 1331 1386 (aot.

276 1391 354 1472 Apr.
372 1394 472 1468 1617)
487 1412 524 1472 p.
541 1391 712 1453 111-121
735 1391 889 1470 expressit
910 1391 1077 1457 editionem
1100 1391 1332 1458 Welserianam

276 1477 391 1542 addita
413 1477 549 1562 epistula
571 1477 728 1562 Eupe'popii
749 1476 794 1540 ad
818 1475 996 1561 Gauisium.
1436 1484 1441 1501 '

190 1579 359 1645 Baronius
378 1581 416 1645 in
437 1581 607 1644 annalium
628 1579 908 1644 ecelesiasticorum
930 1584 1009 1644 tomo
1033 1582 1054 1643 6
1075 1577 1213 1660 (Romae
1229 1579 1331 1657 1595)

276 1667 321 1731 ad
343 1687 373 1732 a.
388 1666 453 1730 454
474 1668 573 1731 uitam
595 1667 709 1731 laudat
730 1687 769 1730 ea
784 1665 890 1743 Surio,
912 1667 1034 1730 addens
1049 1665 1208 1730 ‘babemus
1221 1673 1328 1732 autem

277 1754 387 1833 ‘ipsam
408 1755 564 1835 intepram
584 1753 621 1818 iu
642 1757 752 1818 nostra
768 1751 969 1829 bibliotbeoa’,
991 1751 1035 1816 ad
1050 1772 1081 1816 a.
1097 1754 1163 1816 496
1184 1753 1323 1833 afferens

277 1839 378 1905 losum
399 1841 437 1904 de
462 1838 590 1905 Gelasio
611 1845 641 1903 et
662 1837 831 1920 epistulam
852 1837 1023 1903 Pasebasii
1044 1843 1152 1904 totam.

190 1943 343 2028 (Marcus
365 1942 498 2027 Welser)
531 1943 675 2008 ‘distorta
705 1943 745 2006 ab
779 1942 940 2024 maome
973 1947 1048 2006 aute
1078 1962 1181 2006 anuos
1208 1943 1335 2006 eiroiter
1400 2025 1407 2034 ι

281 2047 361 2112 ‘Mb
387 2047 520 2127 sumpta,
550 2066 612 2127 quo
634 2051 788 2127 tempora,
814 2065 897 2126 quae
924 2044 1047 2110 Attilae
1073 2051 1202 2109 mutem
1230 2065 1334 2110 eonse-

278 2138 390 2214 ‘quuta
417 2138 506 2210 sunt,
536 2133 696 2197 occasione
723 2133 806 2196 uitae
828 2131 861 2197 S.
885 2131 1027 2196 Severini
1052 2131 1273 2210 illustrantur,
1295 2153 1335 2196 eu

279 2219 471 2284 ‘bibliotheca
490 2219 522 2284 S.
540 2218 727 2283 Emmerani
748 2218 959 2301 Repeusbury.
981 2239 1068 2282 uuus
1080 2219 1226 2298 murrum
1248 2219 1334 2282 edita

279 2312 360 2370 ‘eum
380 2305 515 2371 seloliis’
544 2306 724 2386 (Aupustae
752 2304 987 2369 Vindelicorum
1013 2303 1113 2382 1595,
1142 2306 1277 2386 repetita
1297 2305 1335 2368 ln

279 2393 425 2473 operibus
446 2393 515 2456 eius
536 2412 566 2456 a.
583 2391 669 2454 1682
688 2412 720 2472 p.
738 2391 1061 2472 629-676)primus
1075 2392 1173 2455 uitam
1194 2411 1335 2456 seorsum

279 2479 378 2543 edidit
400 2484 429 2543 et
453 2479 621 2560 luteorum,
644 2479 709 2542 nisi
731 2477 816 2557 quod
836 2479 954 2542 absunt
973 2477 1131 2560 Eupippii
1151 2476 1289 2558 epistula
1303 2482 1334 2541 et

278 2565 375 2629 indere
389 2563 611 2648 capitulorum.
646 2563 823 2644 Repressit,
835 2569 874 2626 ut
887 2565 984 2628 iudea
997 2565 1055 2641 ait,
1071 2563 1206 2628 eodieem
1220 2564 1331 2628 Ratis-

280 2649 442 2716 bonensem
463 2651 567 2714 saneti
582 2649 786 2728 Emmerami,
806 2649 898 2714 bodie
912 2650 1137 2715 Monaoeusem
1151 2653 1268 2727 14631,
1290 2650 1335 2714 ael

279 2756 369 2817 quem
388 2737 531 2801 didimus
552 2736 597 2818 Co.
616 2735 723 2820 XIX)
745 2736 800 2800 sed
820 2737 969 2801 adtribuit
976 2740 1153 2816 praeterea,
1175 2742 1213 2800 ut
1227 2737 1276 2800 ait
1297 2737 1335 2800 ln

271 2822 486 2908 praefatione,
511 2823 677 2888 editionem
699 2821 889 2888 Sarranum.

197 2926 349 2992 Caursius
369 2926 407 2990 in
429 2927 638 3007 antiquarum
660 2925 827 2990 lectionum
850 2929 930 2990 tomo
953 2928 973 2988 6
1001 2924 1209 3008 (Inpolstadii
1230 2929 1331 3004 1604)

273 3014 403 3094 primus
424 3014 523 3078 edidit
544 3013 702 3097 Eup-mpii
725 3011 902 3093 epistulam.

193 3116 406 3182 Bolltudiani
433 3117 470 3180 iu
495 3121 638 3181 aetorum
658 3120 840 3180 sanatorum
861 3114 918 3180 ool.
935 3114 1092 3179 Ianuarii
1107 3115 1215 3194 primo
1234 3116 1334 3198 (Ant-

280 3205 523 3284 uerpiae1643)
540 3223 575 3285 p.
591 3203 766 3266 483-497
779 3203 878 3265 uitam
897 3201 980 3266 bano
994 3202 1164 3266 ediderunt
1178 3201 1334 3266 adhibitis

275 3295 407 3370 praeter
426 3287 559 3356 Welseri
580 3289 747 3352 editionem
761 3288 921 3353 eodierbus
936 3289 1058 3353 duobus
1072 3287 1196 3352 collatis
1217 3307 1239 3350 a
1252 3287 1340 3353 Ros--

280 3376 400 3459 uepdio
417 3373 501 3459 fere,
522 3379 561 3438 ut
583 3375 690 3452 aiunt,
714 3375 993 3457 eonsuttientibus,
1016 3373 1147 3439 Nicolai
1168 3372 1333 3458 Beb‘ortii,

281 3463 395 3542 dequo
409 3482 510 3542 supra
526 3483 562 3543 p.
580 3461 696 3525 XXII
709 3461 859 3538 diximus,
875 3467 905 3525 et
918 3461 1128 3526 Baltbasaris
1142 3461 1272 3539 Moreti,
1295 3481 1335 3526 eu

195 3547 948 3715 Peeidsuinpsrdilipbidrddruraudwdidrriaearuue
961 3631 1019 3697 ool.
1036 3635 1056 3694 1
1072 3631 1220 3712 (Lipsiae
1231 3635 1333 3714 1721)

277 3739 313 3798 p.
330 3721 459 3785 69-82
479 3722 575 3785 uitam
599 3721 699 3784 edidit
720 3741 759 3784 ea
774 3720 878 3784 codiee
892 3719 1051 3784 Melleusi
1064 3718 1218 3782 munais
1232 3739 1332 3800 prae-

282 3809 366 3868 terea
394 3805 641 3884 Dunuelteensi,
671 3806 762 3870 bodie
798 3805 1029 3870 lindobonensi
1050 3808 1128 3882 444,
1162 3809 1193 3868 et
1222 3825 1332 3870 mona-

281 3891 449 3956 steriorum
469 3899 598 3957 sanetae
623 3892 736 3958 Orueis
756 3897 786 3955 et
810 3889 922 3956 Sancti
943 3891 1105 3966 Floriani,
1127 3911 1206 3971 quos
1228 3912 1334 3957 omues

282 3996 383 4056 supra
403 3981 627 4045 recensuimus.
671 3978 761 4044 Pau·
775 3978 942 4042 editionem
956 3978 1100 4057 repetiuit
1115 3977 1259 4043 Muebdr
1274 3978 1334 4044 des

282 4063 442 4129 rbmisohe
464 4064 495 4128 N
498 4066 618 4129 orioum
639 4067 662 4130 2
683 4065 799 4147 (1626)
815 4084 851 4144 p.
869 4062 1049 4129 152-239.

195 4151 274 4215 Ant.
299 4149 559 4227 Kersebbaumen
581 4152 648 4214 uita
674 4172 700 4216 s.
723 4150 869 4216 Severini
890 4154 1018 4215 auctore
1039 4149 1201 4233 Erupeppio
1221 4171 1333 4216 seeun-

283 4237 360 4301 dum
389 4237 524 4302 eodieem
551 4237 825 4317 antrauissiruum,
853 4238 911 4317 qui
936 4236 1057 4301 Rornae
1085 4242 1268 4302 asservatur
1297 4239 1335 4302 in

284 4323 454 4388 tabulariis
475 4322 715 4387 arabibasilioae
736 4321 973 4391 Lateranensis.
1018 4322 1217 4406 Seapbusiae
1239 4326 1336 4388 1862.

283 4410 407 4475 Addita
429 4415 475 4475 est
496 4411 565 4474 eius
587 4409 704 4474 codicis
725 4409 828 4490 imapo
850 4408 1053 4494 malefacta.
