3384 5142
357 475 375 528 2
850 477 1004 529 EVGlPPlI

355 646 624 732 praesumptione
647 647 788 732 quadam
809 649 917 732 possit
936 647 1074 733 iniungi,
1096 668 1140 711 ne
1161 645 1301 710 forsitan
1327 645 1494 709 saeculari

356 739 484 797 tantum
506 735 704 798 litteratura.
739 735 837 804 olitiis
859 735 920 798 tali
945 734 1050 798 uitam
1076 753 1227 797 sermone
1256 733 1493 809 conscriberet,

355 821 477 904 inquo
499 757 876 908 multorumpiurimum
901 820 1069 886 laboraret
1094 819 1225 884 inscitia
1246 824 1281 882 et
1308 839 1363 882 res
1393 819 1495 881 mira-

355 906 457 986 biles,
486 928 571 992 qnae
598 907 655 971 diu
683 907 825 992 quadani
852 907 976 972 silentii
1000 913 1098 972 nocte
1124 907 1305 984 latuerant,
1333 911 1495 990 quantum

357 991 400 1056 ad
421 1013 483 1057 nos
505 995 624 1059 attinet
644 995 777 1079 ignaros
806 992 992 1058 liberalium
1013 994 1209 1072 litterarum,
1224 993 1367 1056 obscura
1389 991 1496 1055 diser·
1527 1015 1541 1053 a

317 1080 336 1142 3
356 1079 496 1144 titudine
518 1101 586 1144 non
607 1081 766 1145 lucerent.
811 1080 872 1144 sed
892 1101 1102 1165 nequaquam
1123 1081 1212 1142 ultra
1232 1078 1389 1142 lucernae
1402 1077 1494 1141 illins

356 1166 535 1250 igniculum
556 1173 590 1232 te
612 1168 706 1232 uelut
728 1167 797 1230 sole
826 1167 1020 1251 splendente
1047 1168 1253 1252 perquiram:
1290 1171 1421 1228 tantuin
1451 1184 1496 1227 ne

357 1253 438 1317 mihi
459 1254 599 1340 peritiae
621 1260 699 1318 tuae
712 1253 822 1318 radios
836 1253 925 1317 nube
940 1253 1083 1338 quadam
1099 1251 1322 1317 excusationis
1338 1251 1497 1328 obducas,

356 1340 555 1424 imperitiam
577 1340 741 1426 propriam
761 1339 920 1404 uidelicet
940 1339 1137 1405 accusando.
1158 1339 1235 1418 noli,
1257 1339 1408 1418 obsecro,
1427 1343 1498 1401 tam

251 1429 256 1438 '
358 1425 448 1490 duris
469 1447 523 1491 me
545 1427 723 1492 uerberare
745 1426 963 1506 sermonibus,
985 1425 1063 1490 dum
1084 1426 1181 1491 dicis:
1205 1425 1284 1510 quid
1305 1424 1369 1488 tibi
1389 1443 1494 1509 aquas
1511 1448 1540 1487 io

359 1517 537 1596 expectare
559 1513 602 1578 de
617 1512 730 1578 silice?
751 1513 818 1578 iani
832 1515 946 1598 ntique
960 1534 1028 1576 non
1043 1519 1184 1599 expecto
1198 1511 1240 1576 de
1255 1512 1348 1576 silice
1364 1512 1498 1597 plateae

359 1599 548 1678 saecularis,
571 1599 632 1664 sed
660 1621 681 1664 a
708 1605 752 1679 te,
785 1600 841 1684 qui
870 1600 1074 1684 spiritalibus
1104 1600 1267 1685 spiritalia
1300 1618 1496 1682 comparans

359 1704 420 1748 nos
447 1684 489 1748 de
517 1685 705 1751 firmissima
729 1692 825 1770 petra
860 1686 918 1749 illo
948 1706 1012 1770 qno
1040 1687 1176 1772 profluis
1207 1685 1365 1750 orationis
1395 1683 1498 1749 melle

360 1772 543 1836 recreabis:
565 1772 607 1838 de
630 1773 783 1858 quoiam
804 1779 995 1837 nectareum
1021 1774 1240 1836 suauissimae
1268 1769 1497 1857 promissionis

359 1863 492 1941 gustum
514 1857 659 1943 dirigens
681 1860 857 1945 praecipis,
877 1865 916 1922 ut
936 1860 1276 1924 commemoratorium
1297 1858 1353 1921 nel
1373 1855 1497 1920 indicia
1515 1881 1542 1919 a

359 1943 450 2008 uitae
472 1965 573 2029 saepe
595 1944 675 2009 dicti
698 1947 804 2010 sancti
819 1946 972 2010 Seuerini
993 1946 1266 2010 transmitterem:
1290 1965 1375 2030 quae
1390 1943 1497 2007 donec

360 2030 396 2093 iii
416 2035 494 2096 tuae
520 2032 769 2096 constructionis
796 2032 943 2097 libellum
970 2033 1108 2096 transne
1136 2038 1340 2110 mereantur,
1369 2050 1499 2114 nequa-

319 2115 340 2173 4
360 2137 458 2201 quam
492 2117 637 2182 animum
671 2120 872 2183 recensentis
905 2118 1086 2182 offendant.
1146 2119 1294 2203 quisquis
1328 2117 1418 2182 euim
1455 2114 1499 2179 ad

361 2202 613 2268 construendam
627 2204 760 2269 domum
772 2206 991 2270 architectum
1004 2204 1150 2290 requirit,
1166 2205 1387 2268 necessariam
1403 2203 1498 2266 solli-

361 2288 446 2353 citus
475 2291 648 2355 materiem
673 2299 864 2377 praeparat:
892 2290 977 2376 quod
1006 2292 1035 2355 si
1064 2291 1169 2354 moles
1196 2292 1302 2355 instar
1327 2291 1495 2374 parietum
1512 2314 1541 2354 so

360 2375 516 2460 impolitis
532 2384 707 2462 componat
726 2379 850 2442 artifice
865 2377 1017 2441 tardante
1038 2377 1215 2462 lapidibus,
1229 2376 1388 2461 numquid
1403 2373 1496 2440 aedi-

361 2461 479 2526 ficasse
506 2461 665 2528 dicendus
691 2472 753 2543 est,
779 2465 836 2529 nbi
867 2465 958 2527 nulla
987 2464 1138 2548 magistri
1166 2470 1331 2528 structura
1357 2483 1499 2547 prorsus

360 2548 548 2630 interuenit,
570 2551 662 2614 nulla
682 2551 745 2614 rite
767 2551 927 2615 subicitur
948 2550 1152 2614 fundamenti
1173 2550 1335 2615 munitio?
1359 2549 1407 2613 sic
1432 2568 1497 2632 ego

361 2654 490 2719 qnoque
518 2636 697 2721 pretiosam
727 2638 899 2701 materiem
925 2637 1057 2721 ingenio
1085 2643 1198 2702 nestro
1219 2636 1382 2702 uilissima
1404 2654 1495 2698 coin·

361 2723 523 2806 positione
556 2723 615 2787 uix
645 2743 846 2809 praeparans
879 2744 959 2788 num
986 2724 1095 2808 putari
1122 2723 1230 2788 debeo
1258 2721 1494 2807 conscripsisse
1518 2745 1545 2784 ss

362 2807 451 2891 quod
472 2809 579 2894 cupio,
601 2810 658 2874 ubi
672 2809 866 2895 disciplinae
879 2809 1027 2874 liberalis
1047 2810 1138 2873 nulla
1153 2810 1363 2888 constructio,
1384 2808 1499 2872 nullus

325 2887 343 2947 5
362 2897 566 2976 grammatici
585 2896 735 2960 culminis
752 2897 851 2962 decor
865 2898 995 2960 extitit?
1032 2896 1133 2960 habet
1155 2896 1254 2981 plane
1276 2901 1402 2960 certum
1423 2894 1501 2958 lun-

364 2979 553 3045 damentum
576 2983 676 3046 solius
698 2983 787 3064 fidei,
809 3004 874 3067 qno
898 2988 1048 3046 sanctum
1069 2983 1177 3046 uirum
1198 2981 1354 3046 mirandis
1372 2984 1503 3046 constat

378 3129 381 3136 '
451 3137 472 3188 I
479 3135 568 3201 (Luc
590 3139 612 3200 ).
629 3137 816 3206 Ham).
834 3137 935 3204 ΒΜ·
945 3139 1063 3206 dclcctc).

452 3273 467 3324 1
479 3275 591 3340 quodam
604 3276 642 3326 T¹
710 3275 729 3328 2
739 3277 829 3328 littura
840 3277 876 3326 Μ
917 3295 1062 3331 sermonem
1072 3279 1105 3330 Κ
1169 3277 1187 3330 3
1197 3279 1340 3330 multorum
1350 3274 1504 3345 plurimum]

365 3343 506 3394 multorum
517 3345 685 3412 plurimorum
694 3347 729 3410 K,
741 3347 911 3412 plurimorum
918 3348 965 3399 00
997 3351 1134 3400 inscientia
1141 3348 1212 3398 NA·
1259 3347 1303 3413 516
1311 3349 1505 3400 dissertitudine

365 3411 450 3463 ΚΠ
521 3412 539 3464 6
556 3411 769 3482 nequaqnamll,
787 3433 840 3466 nori
852 3415 928 3467 ILB
1005 3416 1023 3468 8
1040 3418 1230 3470 excausationis
1242 3416 1273 3467 K
1346 3417 1506 3485 9propriam

365 3479 427 3544 (om.
437 3480 476 3546 N)
491 3480 556 3550 uid]
568 3501 594 3534 u.
604 3484 676 3550 pr.0
718 3484 875 3550 accusando]
886 3489 1020 3538 accusatio
1031 3486 1084 3546 w,
1100 3503 1228 3538 accusans
1239 3485 1284 3536 Μ’
1328 3485 1393 3551 noli]
1405 3505 1459 3539 non
1469 3486 1506 3537 Π

367 3550 400 3602 11
417 3549 478 3615 iani]
501 3569 580 3618 qnam
598 3553 655 3618 00,
681 3571 776 3620 aquam
795 3555 962 3622 Hirschfeld,
988 3573 1051 3606 nain
1073 3555 1181 3620 Sauppe
1231 3553 1335 3622 utique]
1361 3559 1451 3622 itaque
1471 3555 1508 3606 Π

367 3615 402 3670 12
420 3621 581 3686 spiritalibus
598 3621 733 3691 spiritalia]
757 3633 780 3675 ct
797 3625 838 3675 bic
855 3633 880 3676 ct
897 3625 1003 3690 reliquis
1019 3625 1094 3689 loeis,
1116 3625 1161 3675 ubi
1176 3625 1330 3676 wemmam
1345 3627 1415 3676 mit
1428 3629 1505 3687 3,18.

367 3691 460 3770 aare.
477 3694 517 3754 29,
526 3695 566 3744 ia
583 3695 624 3756 aa,
633 3696 672 3745 27.
690 3697 777 3757 acia
795 3697 892 3776 aaa,
918 3695 1014 3745 mino
1030 3694 1055 3744 i:
1071 3705 1110 3746 er
1131 3691 1195 3757 (aa
1217 3695 1273 3776 ‘⁴3⁶⁰
1291 3699 1334 3759 aa,
1344 3700 1379 3746 io
1398 3704 1460 3746 m.
1476 3696 1508 3746 a

367 3759 1508 3898 semitatttitttttitaai‘e:sterterent:

368 3896 457 3946 ozias
466 3907 535 3962 eant,
551 3901 650 3952 codices
661 3908 684 3952 1.
695 3905 719 3954 2.
732 3901 777 3952 13¹.
790 3905 832 3953 42.
845 3906 888 3954 43.
900 3907 944 3952 44.
955 3907 996 3953 45.
1007 3907 1041 3954 50
1110 3903 1144 3955 13
1155 3903 1201 3953 illo
1212 3920 1265 3968 quo
1275 3905 1383 3970 profluis
1393 3904 1438 3969 (-it
1449 3903 1480 3953 N
1482 3900 1505 3970 )]

368 3963 484 4029 LNAB,
501 3969 560 4020 ilico
572 3971 677 4036 profluis
689 3970 727 4033 Μ,
741 3971 786 4021 illo
798 3987 844 4036 pro
856 3987 909 4036 quo
919 3972 980 4022 fluis
990 3971 1016 4021 i·
1050 3973 1210 4024 orationibus
1221 3972 1258 4022 Μ
1323 3971 1358 4025 14
1367 3971 1430 4039 quo]
1443 3989 1509 4039 quo-

368 4034 466 4084 damA
535 4035 569 4089 18
579 4037 706 4104 quisquis]
719 4041 741 4090 si
753 4040 811 4102 quis
822 4038 899 4090 Koa
967 4038 1233 4094 temeritates
1277 4039 1369 4107 instar]
1381 4044 1510 4094 adinstar

367 4101 447 4154 LKB
515 4104 549 4156 21
564 4105 711 4175 componat]
724 4108 748 4169 I,
766 4115 935 4176 componatur
948 4109 990 4172 II,
1002 4118 1190 4177 componantur
1199 4110 1226 4160 R
1294 4110 1331 4162 22
1341 4113 1509 4178 magistri...

368 4169 403 4222 23
414 4174 488 4224 nulla
498 4176 582 4228 om.0
625 4175 752 4245 magistri]
763 4180 845 4244 magis
858 4178 882 4228 L
951 4176 986 4229 23
1004 4181 1132 4231 subicitur
1142 4183 1160 4232 f.
1173 4177 1294 4246 munitio]
1312 4181 1508 4233 subiciunturf.

368 4243 541 4295 muniminaB
592 4244 670 4312 24125
677 4248 816 4313 pretiosam
827 4249 960 4299 materiem
969 4248 1056 4311 (riam
1062 4249 1161 4315 KNM)
1171 4251 1278 4314 ingenio
1286 4258 1373 4300 nestm
1382 4251 1511 4302 uilissiim

368 4310 460 4374 (mam
465 4312 508 4379 K)
519 4317 701 4381 compositione
712 4315 834 4382 (·nemK,
852 4318 1097 4384 comparationedt)
1111 4321 1159 4370 nix
1170 4335 1328 4387 praeparans
1339 4316 1507 4386 (comparans

367 4377 425 4446 Ml]
445 4385 570 4450 pretiosas
581 4387 702 4437 materiae
713 4388 857 4438 munimina
870 4385 988 4453 (minima
998 4387 1059 4451 B')
1077 4389 1191 4440 iussione
1202 4396 1290 4440 uestra
1299 4389 1427 4440 uilissima
1437 4406 1509 4441 com—

368 4451 493 4518 positione
522 4455 694 4522 rsaparansB
745 4454 780 4507 26
791 4453 958 4522 comunctio]
971 4458 1107 4509 instructio
1116 4457 1213 4509 Hortcl
1250 4456 1351 4525 nullus]
1364 4456 1509 4512 nullumK

368 4519 402 4572 27
419 4471 521 4589 extitit}>
531 4525 619 4578 existit
637 4524 735 4590 OGB',
753 4527 848 4578 existat
865 4525 900 4590 K,
917 4533 1002 4578 exstat
1017 4526 1070 4576 Bw
1137 4524 1173 4578 28
1190 4524 1254 4594 qno]
1273 4529 1343 4593 quod
1359 4528 1386 4579 L
