3384 5142
333 407 369 463 30
823 411 976 462 EVGIPPII

333 581 452 647 beatus
487 579 664 646 Seuerinus
700 581 854 646 cellulam
886 581 1000 667 paucis
1037 580 1207 646 monachis
1246 580 1342 645 solito
1377 599 1470 644 more

333 667 539 748 fundauerat,
572 688 611 732 eo
641 667 728 753 quod
756 669 828 754 ipse
859 668 937 733 illuc
967 669 1098 754 saepius
1125 674 1260 752 rogatus
1289 688 1310 731 a
1339 667 1468 732 ciuibus

336 753 517 833 adueniret,
539 755 682 819 maxime
729 759 840 841 ropter
862 754 1121 819 Alamannorum
1144 755 1294 818 incursus
1310 752 1471 835 assiduos,

335 860 472 925 quorum
510 860 572 905 rex
604 777 765 906 Gibuldus
804 862 931 906 summa
971 860 1046 906 eum
1081 841 1267 906 reuerentia
1300 838 1471 923 diligebat.

294 927 314 988 2
335 927 390 1011 qui
411 926 510 990 etiarn
538 927 680 1012 quodam
707 937 855 1078 tempore
882 927 923 992 ad
947 947 1021 992 eum
1044 925 1221 992 uidendum
1243 924 1471 992 desideranter
1498 947 1512 986 e

335 1013 483 1078 occurrit.
529 1013 582 1076 cui
603 1018 735 1078 sauctus
759 1034 779 1079 o
802 1014 903 1094 uiam,
925 1008 1136 1078 ne'aduentu
1158 1033 1217 1078 suo
1233 1012 1372 1078 eandem
1388 1012 1471 1077 ciui·

334 1104 436 1164 tatem
457 1108 701 1185 praegressum,
725 1119 877 1185 egressus
900 1106 961 1179 eet,
983 1105 1141 1185 tantaque
1157 1099 1342 1164 constantia
1357 1119 1472 1183 regem

336 1192 387 1250 est
418 1185 590 1266 allocutus,
625 1192 662 1250 ut
690 1191 830 1251 tremere
865 1207 974 1252 coram
997 1207 1037 1251 eo
1060 1185 1290 1251 uehementius
1313 1185 1471 1271 coeperit,

335 1271 561 1357 secedensque
589 1273 657 1337 suis
681 1273 882 1338 exercitibus
909 1272 1068 1338 indicauit
1094 1293 1271 1358 numquam
1294 1293 1330 1337 se
1352 1272 1471 1336 necin

334 1379 370 1424 re
393 1358 513 1438 bellica
533 1379 595 1423 neo
617 1359 727 1445 aliqua
747 1359 922 1424 formidine
944 1365 1036 1424 tauto
1057 1359 1159 1424 fuisse
1174 1364 1315 1424 tremore
1332 1378 1468 1423 coneus·
1487 1378 1516 1419 ro

294 1448 313 1510 3
337 1466 417 1510 eum.
464 1465 602 1530 eumque
632 1444 686 1510 dei
713 1445 835 1510 famulo
865 1445 959 1510 daret
986 1445 1152 1531 optionem
1181 1443 1362 1531 imperandi
1386 1463 1472 1530 quae

334 1531 451 1610 uallet,
474 1533 604 1616 rogauit
625 1531 737 1597 doctor
759 1531 941 1618 piissimus,
964 1537 1001 1596 ut
1023 1532 1085 1597 eibi
1106 1532 1217 1618 potius
1244 1535 1472 1619 praestaturus

335 1623 469 1702 gentem
497 1639 591 1682 suam
614 1640 635 1683 a
656 1617 807 1684 Romana
834 1619 1019 1684 uastatione
1046 1618 1216 1683 cohiberet
1245 1624 1279 1684 et
1308 1618 1469 1704 captiuos,

335 1724 415 1788 quos
438 1704 489 1768 eui
511 1711 695 1780 tenuerant,
726 1711 894 1790 gratanter
921 1704 1117 1770 absolueret.
1162 1710 1240 1768 tunc
1262 1725 1324 1770 rex
1346 1704 1471 1768 consti-

335 1789 406 1870 tuit,
437 1797 473 1854 ut
497 1812 540 1856 ex
566 1791 634 1856 suis
664 1792 805 1876 aliquem
827 1790 984 1876 dirigeret
1005 1790 1047 1856 ad
1069 1790 1103 1855 id
1126 1810 1207 1876 opus
1230 1791 1387 1855 maturius
1409 1807 1514 1855 err-1⁵

337 1876 548 1960 sequendum,
572 1879 746 1963 statimque
768 1878 889 1943 missus
911 1877 1085 1943 Amantius
1109 1877 1264 1942 diaconus
1287 1898 1306 1942 e
1329 1877 1469 1961 uestigio

336 1983 448 2048 regem
483 1964 694 2049 subsequitur
725 1964 863 2050 eiusque
896 1986 957 2050 pro
991 1964 1117 2029 foribus
1151 1964 1320 2029 excubans
1357 1963 1469 2027 multis

294 2053 315 2112 4
336 2047 451 2114 diebus
475 2071 538 2114 non
560 2051 667 2136 potuit
688 2052 839 2117 nuntiari.
871 2051 925 2115 oui
945 2072 993 2129 re,
1015 2072 1075 2137 pro
1099 2070 1163 2135 qua
1184 2050 1328 2115 directus
1351 2049 1470 2126 tuerat,

335 2155 401 2200 non
423 2143 558 2221 peracta
580 2137 767 2202 tristissimo
789 2139 970 2202 reuertenti
992 2137 1146 2223 apparuit
1161 2136 1301 2222 quidam,
1324 2136 1471 2219 effigiem

338 2223 441 2286 sancti
468 2223 658 2308 praeferens
689 2223 855 2302 Seueriui‚
885 2223 941 2309 qni
972 2244 1047 2288 eum
1077 2225 1195 2288 minaci
1218 2223 1515 2310 compellationes

336 2309 547 2394 perterritum
580 2310 672 2395 sequi
708 2331 743 2374 se
776 2310 882 2376 iussit.
934 2331 1073 2395 cumque
1103 2329 1227 2395 paucus
1256 2316 1290 2374 et
1323 2311 1471 2373 concitus

337 2400 544 2479 sequeretur,
579 2397 731 2481 peruenit
763 2395 804 2460 ad
834 2397 965 2461 ianuam
996 2396 1084 2481 regis
1116 2397 1291 2481 statimque
1320 2395 1387 2459 dux
1415 2395 1472 2460 ille

335 2481 488 2565 praeuius
517 2503 561 2546 ex
595 2482 697 2546 oculis
730 2483 877 2548 mirantis
905 2483 1050 2548 euanuit.
1098 2503 1213 2547 uerum
1247 2482 1334 2566 regis
1367 2483 1470 2546 inter-

336 2567 470 2632 nuntius
498 2566 666 2633 diaconem
692 2568 779 2632 unde
810 2574 899 2634 esset
925 2569 981 2633 uel
1010 2568 1089 2654 quid
1111 2574 1258 2652 speraret
1280 2569 1471 2653 interrogat.

336 2655 393 2719 ille
416 2674 485 2718 rem
506 2654 655 2720 breuiter
676 2655 846 2720 insinuans
861 2656 981 2721 oblatis
997 2657 1068 2740 regi
1083 2656 1293 2741 receptisque
1308 2655 1471 2720 remeauit
1487 2663 1515 2705 2⁵
1590 2701 1593 2705 -

295 2742 315 2801 5
338 2741 496 2825 epistolis.
540 2740 694 2806 dimissus
715 2743 815 2827 igitur
836 2743 969 2806 reuexit
990 2742 1059 2807 fere
1077 2743 1287 2827 septuaginta
1309 2743 1469 2826 captiuos,

337 2826 471 2912 insuper
492 2827 742 2912 promissionem
763 2828 852 2913 regis
874 2834 1002 2912 gratam
1023 2827 1187 2904 deferens,
1211 2848 1275 2913 qua
1298 2825 1475 2914 spopondit

338 2934 389 2993 se,
427 2933 500 2977 oum
538 2913 712 2998 diligenter
743 2915 948 3000 prouinciam
984 2915 1225 2999 peragrauerit‚
1261 2915 1475 2979 remissurum

339 3006 478 3084 quantus
512 3000 545 3063 in
580 3000 695 3065 eadem
730 3007 880 3087 repertus
914 3000 1032 3064 fuisset
1065 3021 1219 3066 numerus
1257 3002 1472 3087 captiuorum.

424 3134 580 3203 runco).
599 3137 787 3206 turnaco.
807 3134 1286 3212 s(21ac0a).n(vvdm·aaea).p

424 3256 608 3324 dregibuldus
629 3256 668 3324 K,
692 3258 825 3324 gubuldus
843 3256 869 3307 A
926 3254 997 3324 eum]
1018 3273 1110 3310 eorum
1129 3256 1172 3308 K*
1257 3251 1475 3323 bdesiderauter]

339 3334 365 3378 et
382 3327 578 3379 desiderandum
597 3326 631 3376 M
719 3324 868 3393 Gobuiam]
893 3328 982 3379 obuiat
999 3325 1031 3377 K
1084 3329 1190 3379 adtentu
1212 3326 1237 3378 L
1324 3325 1366 3393 qa
1388 3343 1477 3393 regern

339 3403 421 3448 coust.
447 3397 490 3448 all.
517 3403 557 3448 est
584 3395 620 3447 M
701 3392 744 3460 8l9
769 3398 882 3462 coeperit
908 3393 1095 3462 secedamus]
1123 3398 1249 3463 receperit
1275 3396 1419 3460 sedensque
1446 3394 1479 3446 K

338 3463 355 3516 9
372 3481 514 3530 numquam
531 3483 558 3518 se
573 3462 612 3531 (so
628 3483 655 3517 n.
666 3463 712 3528 M)
726 3462 783 3532 uec]
796 3464 930 3518 KOG.H.
940 3465 974 3532 B,
991 3481 1134 3532 numquam
1150 3474 1230 3518 serum
1241 3465 1273 3532 L,
1290 3479 1434 3531 numquam
1449 3480 1481 3518 ιο

340 3534 400 3597 (orn.
422 3532 524 3602 nec)S
574 3536 602 3586 in
626 3533 718 3586 mali
771 3533 803 3587 10
819 3542 853 3586 tr.
876 3536 956 3586 fuisse
977 3535 1010 3600 L,
1037 3536 1130 3586 fuisset
1150 3541 1182 3587 tr.
1206 3534 1237 3586 K
1321 3531 1475 3599 101110011-

339 3619 431 3655 cussus
452 3603 484 3654 N
570 3602 601 3654 11
624 3604 777 3670 impetrandi
801 3603 859 3654 GM
948 3602 983 3655 14
1004 3604 1169 3656 obsoluerant
1189 3604 1214 3654 L
1272 3602 1305 3655 15
1327 3605 1355 3655 id
1379 3621 1429 3655 orn.
1451 3603 1478 3654 L

341 3671 372 3723 17
391 3670 448 3740 pro]
466 3669 554 3738 LSR,
573 3689 635 3739 prae
653 3672 691 3722 II
737 3674 890 3725 excubantis
908 3671 940 3722 N
1023 3671 1056 3725 18
1075 3690 1104 3725 re
1124 3689 1171 3740 pro
1188 3670 1249 3740 qua]
1272 3673 1310 3724 12·
1328 3673 1478 3739 emendam,

340 3758 385 3808 pro
403 3758 430 3792 re
447 3759 501 3808 qua
517 3741 593 3794 LII.
603 3738 736 3793 SRWflffiz
755 3749 839 3794 baama·
857 3742 981 3793 traditam
998 3741 1130 3794 emonem
1152 3742 1254 3794 storria
1271 3743 1353 3794 α’ωπε
1373 3742 1477 3795 Onesio-

339 3810 399 3861 dori
415 3827 471 3862 aar.
483 3827 514 3876 p.
524 3813 579 3875 135,
587 3815 631 3862 27.-
647 3811 798 3862 adoausam
808 3829 886 3877 quam
897 3813 1009 3863 directus
1025 3813 1113 3866 tuerat
1124 3810 1195 3875 (coll.
1211 3813 1296 3864 indice
1309 3829 1339 3877 p.
1351 3815 1401 3865 518
1419 3829 1440 3864 e.
1451 3829 1476 3863 o.

340 3880 469 3936 stractio)
568 3879 601 3932 19
624 3878 780 3948 tristissimo]
799 3898 854 3931 xxx
877 3881 1080 3934 densissimo
1102 3880 1227 3932 Rvet
1297 3883 1429 3934 reuereuti
1451 3880 1479 3931 A

339 3946 375 3999 20
392 3946 548 4016 praeferens]
574 3965 695 4016 praesens
717 3948 743 3999 A
795 3950 1017 4016 compellationem
1035 3950 1061 4000 A
1147 3948 1182 4002 23
1199 3953 1335 4018 praenisus
1353 3951 1379 4001 A
1430 3950 1479 4001 mi·

340 4018 459 4070 rantibus
479 4017 504 4068 L
589 4016 624 4070 24
647 4015 790 4086 dissonam]
815 4018 923 4085 LSB¹‚
950 4020 1087 4071 diaconum
1110 4020 1151 4072 ΙΙ.
1165 4017 1266 4070 Bnum
1323 4015 1377 4086 uel]
1400 4027 1427 4071 et
1448 4017 1483 4068 N

340 4085 374 4138 25
391 4085 456 4154 regi]
470 4088 543 4154 ¹regis
555 4087 692 4139 L¹KT¹N
733 4086 904 4155 receptisque]
922 4090 1117 4155 praeceptisque
1133 4088 1214 4140 ΚΝΑ
1291 4086 1326 4141 26
1343 4087 1480 4140 reuixitK

340 4154 373 4207 27
391 4156 502 4223 gratiam
520 4154 551 4206 N
632 4153 710 4222 attus
727 4159 863 4225 spopondit
879 4154 917 4224 se]
937 4155 1076 4223 ΜΒΝ,
1099 4175 1126 4210 se
1144 4159 1281 4225 spopondit
1298 4156 1339 4208 ΙΙ.
1352 4157 1400 4222 It',
1418 4173 1477 4224 spo-

339 4227 508 4293 ponderatas
528 4225 572 4276 Bw
656 4223 691 4277 29
708 4234 821 4292 quantus
840 4226 902 4293 (tas
913 4225 961 4291 L1)
978 4228 1006 4278 in
1023 4243 1046 4279 e.
1058 4234 1174 4294 repertus
1191 4230 1208 4278 f.
1220 4225 1353 4293 numerus]
1373 4226 1397 4278 1.
1406 4226 1479 4292 ΒΝ,

340 4302 451 4361 quantos
468 4295 496 4347 in
514 4311 536 4347 e.
553 4302 669 4361 repertus
687 4294 844 4363 (reperturos
862 4296 899 4360 A)
918 4298 935 4346 f.
953 4312 1074 4348 nummos
1090 4295 1152 4361 NA,
1179 4303 1290 4363 quantos
1306 4297 1335 4348 in
1352 4312 1375 4348 e.
1393 4313 1479 4363 reper-

340 4387 414 4432 turus
428 4371 587 4447 (repsrtufius
603 4378 656 4444 Rc)
673 4383 692 4432 s.
710 4397 830 4434 numeros
846 4377 981 4448 TMBffl,
1000 4389 1113 4447 quantus
1126 4382 1206 4445 (com
1217 4383 1293 4446 tum)
1311 4384 1340 4434 in
1358 4399 1379 4435 s.
1391 4399 1479 4450 repar*

340 4456 414 4502 turus
432 4451 524 4502 fuisset
540 4466 663 4502 numerus
682 4448 759 4509 (corr.
778 4449 858 4516 uum)
877 4450 900 4503 S
