<?xml version="1.0" encoding="UTF-8"?>
<!DOCTYPE html PUBLIC "-//W3C//DTD XHTML 1.0 Transitional//EN"
    "http://www.w3.org/TR/xhtml1/DTD/xhtml1-transitional.dtd">
<html xmlns="http://www.w3.org/1999/xhtml" xml:lang="en" lang="en">
 <head>
  <title>
</title>
<meta http-equiv="Content-Type" content="text/html;charset=utf-8" />
  <meta name='ocr-system' content='tesseract 3.04.00' />
  <meta name='ocr-capabilities' content='ocr_page ocr_carea ocr_par ocr_line ocrx_word'/>
</head>
<body>
  <div class='ocr_page' id='page_1' title='image "./evgippiivitasev00mommgoog_0061.png"; bbox 0 0 3384 5142; ppageno 0'>
   <div class='ocr_carea' id='block_1_1' title="bbox 540 416 1369 472">
    <p class='ocr_par' dir='ltr' id='par_1_1' title="bbox 540 416 1369 472">
     <span class='ocr_line' id='line_1_1' title="bbox 540 416 1369 472; baseline 0.002 -2"><span class='ocrx_word' id='word_1_1' title='bbox 540 419 896 472; x_wconf 80' lang='lat' dir='ltr'>COMMEMORATORIVM</span> <span class='ocrx_word' id='word_1_2' title='bbox 913 435 935 470; x_wconf 90' lang='lat' dir='ltr'>c.</span> <span class='ocrx_word' id='word_1_3' title='bbox 950 416 1059 470; x_wconf 82' lang='lat'>12-14.</span> <span class='ocrx_word' id='word_1_4' title='bbox 1333 417 1369 472; x_wconf 81' lang='lat'>25</span> 
     </span>
    </p>
   </div>
   <div class='ocr_carea' id='block_1_2' title="bbox 140 587 1408 3438">
    <p class='ocr_par' dir='ltr' id='par_1_2' title="bbox 187 587 1407 1710">
     <span class='ocr_line' id='line_1_2' title="bbox 232 587 1365 674; baseline 0 -20"><span class='ocrx_word' id='word_1_5' title='bbox 232 609 266 654; x_wconf 92' lang='lat' dir='ltr'>se</span> <span class='ocrx_word' id='word_1_6' title='bbox 300 588 460 654; x_wconf 88' lang='lat' dir='ltr'>mandatis</span> <span class='ocrx_word' id='word_1_7' title='bbox 496 587 652 654; x_wconf 90' lang='lat' dir='ltr'>oboedire</span> <span class='ocrx_word' id='word_1_8' title='bbox 685 587 727 653; x_wconf 91' lang='lat' dir='ltr'>de</span> <span class='ocrx_word' id='word_1_9' title='bbox 762 594 883 671; x_wconf 90' lang='lat' dir='ltr'>cetero,</span> <span class='ocrx_word' id='word_1_10' title='bbox 919 589 948 652; x_wconf 92' lang='lat' dir='ltr'>si</span> <span class='ocrx_word' id='word_1_11' title='bbox 981 589 1050 652; x_wconf 93' lang='lat' dir='ltr'>ulla</span> <span class='ocrx_word' id='word_1_12' title='bbox 1081 589 1145 654; x_wconf 87' lang='lat' dir='ltr'>sibi</span> <span class='ocrx_word' id='word_1_13' title='bbox 1179 610 1267 674; x_wconf 88' lang='lat' dir='ltr'>spes,</span> <span class='ocrx_word' id='word_1_14' title='bbox 1301 609 1365 674; x_wconf 90' lang='lat' dir='ltr'>qua</span> 
     </span>
     <span class='ocr_line' id='line_1_3' title="bbox 229 673 1407 760; baseline -0.001 -20"><span class='ocrx_word' id='word_1_15' title='bbox 229 677 368 755; x_wconf 91' lang='lat' dir='ltr'>uiueret,</span> <span class='ocrx_word' id='word_1_16' title='bbox 397 676 630 740; x_wconf 78' lang='lat' dir='ltr'><strong>remansisset?</strong></span> <span class='ocrx_word' id='word_1_17' title='bbox 662 681 741 739; x_wconf 92' lang='lat' dir='ltr'>tunc</span> <span class='ocrx_word' id='word_1_18' title='bbox 770 696 849 760; x_wconf 87' lang='lat' dir='ltr'>ergo</span> <span class='ocrx_word' id='word_1_19' title='bbox 878 674 930 738; x_wconf 90' lang='lat' dir='ltr'>uir</span> <span class='ocrx_word' id='word_1_20' title='bbox 959 673 1013 739; x_wconf 93' lang='lat' dir='ltr'>dei</span> <span class='ocrx_word' id='word_1_21' title='bbox 1036 682 1163 740; x_wconf 90' lang='lat' dir='ltr'>ceteros</span> <span class='ocrx_word' id='word_1_22' title='bbox 1186 675 1363 742; x_wconf 89' lang='lat' dir='ltr'>allocutus:</span> <span class='ocrx_word' id='word_1_23' title='bbox 1388 688 1407 748; x_wconf 89' lang='lat'><strong>7</strong></span> 
     </span>
     <span class='ocr_line' id='line_1_4' title="bbox 231 760 1364 847; baseline 0 -20"><span class='ocrx_word' id='word_1_24' title='bbox 231 763 362 827; x_wconf 84' lang='lat' dir='ltr'>‘iustum</span> <span class='ocrx_word' id='word_1_25' title='bbox 385 760 446 826; x_wconf 76' lang='lat' dir='ltr'>cst’</span> <span class='ocrx_word' id='word_1_26' title='bbox 468 763 574 847; x_wconf 93' lang='lat' dir='ltr'>inquit</span> <span class='ocrx_word' id='word_1_27' title='bbox 591 766 637 825; x_wconf 77' lang='lat' dir='ltr'>‘ut</span> <span class='ocrx_word' id='word_1_28' title='bbox 659 762 715 846; x_wconf 91' lang='lat' dir='ltr'>qui</span> <span class='ocrx_word' id='word_1_29' title='bbox 731 762 863 847; x_wconf 92' lang='lat' dir='ltr'>proprio</span> <span class='ocrx_word' id='word_1_30' title='bbox 882 761 1043 846; x_wconf 92' lang='lat' dir='ltr'>supplicio</span> <span class='ocrx_word' id='word_1_31' title='bbox 1059 762 1253 827; x_wconf 90' lang='lat' dir='ltr'>humilitatis</span> <span class='ocrx_word' id='word_1_32' title='bbox 1268 761 1364 828; x_wconf 90' lang='lat' dir='ltr'>uobis</span> 
     </span>
     <span class='ocr_line' id='line_1_5' title="bbox 230 847 1364 934; baseline 0 -20"><span class='ocrx_word' id='word_1_33' title='bbox 230 853 275 914; x_wconf 89' lang='lat' dir='ltr'>‘et</span> <span class='ocrx_word' id='word_1_34' title='bbox 292 848 518 914; x_wconf 90' lang='lat' dir='ltr'>oboedientiae</span> <span class='ocrx_word' id='word_1_35' title='bbox 531 847 622 914; x_wconf 83' lang='lat' dir='ltr'><strong>dedit</strong></span> <span class='ocrx_word' id='word_1_36' title='bbox 636 848 834 934; x_wconf 92' lang='lat' dir='ltr'>exemplum,</span> <span class='ocrx_word' id='word_1_37' title='bbox 847 847 1045 913; x_wconf 77' lang='lat' dir='ltr'>liberalitate</span> <span class='ocrx_word' id='word_1_38' title='bbox 1057 854 1170 913; x_wconf 89' lang='lat' dir='ltr'>uestra</span> <span class='ocrx_word' id='word_1_39' title='bbox 1180 849 1256 913; x_wconf 92' lang='lat' dir='ltr'>anni</span> <span class='ocrx_word' id='word_1_40' title='bbox 1267 869 1364 934; x_wconf 85' lang='lat' dir='ltr'>pree·</span> 
     </span>
     <span class='ocr_line' id='line_1_6' title="bbox 199 931 1364 1020; baseline 0.002 -24"><span class='ocrx_word' id='word_1_41' title='bbox 199 935 345 1000; x_wconf 78' lang='lat' dir='ltr'>s‘sentis</span> <span class='ocrx_word' id='word_1_42' title='bbox 367 935 523 1000; x_wconf 91' lang='lat' dir='ltr'>alimenta</span> <span class='ocrx_word' id='word_1_43' title='bbox 545 931 725 1020; x_wconf 90' lang='lat' dir='ltr'>percipiat’.</span> <span class='ocrx_word' id='word_1_44' title='bbox 757 934 932 998; x_wconf 90' lang='lat' dir='ltr'>collatione</span> <span class='ocrx_word' id='word_1_45' title='bbox 954 935 1065 1019; x_wconf 91' lang='lat' dir='ltr'>itaque</span> <span class='ocrx_word' id='word_1_46' title='bbox 1081 935 1228 1000; x_wconf 88' lang='lat' dir='ltr'>fidelium</span> <span class='ocrx_word' id='word_1_47' title='bbox 1244 942 1277 1000; x_wconf 93' lang='lat' dir='ltr'>et</span> <span class='ocrx_word' id='word_1_48' title='bbox 1293 956 1364 1000; x_wconf 89' lang='lat' dir='ltr'>cor-</span> 
     </span>
     <span class='ocr_line' id='line_1_7' title="bbox 229 1019 1363 1107; baseline 0 -21"><span class='ocrx_word' id='word_1_49' title='bbox 229 1027 343 1106; x_wconf 90' lang='lat' dir='ltr'>reptus</span> <span class='ocrx_word' id='word_1_50' title='bbox 365 1021 462 1086; x_wconf 93' lang='lat' dir='ltr'>homo</span> <span class='ocrx_word' id='word_1_51' title='bbox 479 1022 703 1106; x_wconf 90' lang='lat' dir='ltr'>pauperrimus</span> <span class='ocrx_word' id='word_1_52' title='bbox 720 1025 753 1084; x_wconf 93' lang='lat' dir='ltr'>et</span> <span class='ocrx_word' id='word_1_53' title='bbox 768 1021 890 1085; x_wconf 91' lang='lat' dir='ltr'>ditatus</span> <span class='ocrx_word' id='word_1_54' title='bbox 908 1019 1032 1097; x_wconf 79' lang='lat' dir='ltr'>didicit,</span> <span class='ocrx_word' id='word_1_55' title='bbox 1056 1029 1214 1106; x_wconf 89' lang='lat' dir='ltr'>quantum</span> <span class='ocrx_word' id='word_1_56' title='bbox 1230 1020 1363 1107; x_wconf 89' lang='lat' dir='ltr'>dispen-</span> 
     </span>
     <span class='ocr_line' id='line_1_8' title="bbox 230 1107 1365 1192; baseline 0.001 -20"><span class='ocrx_word' id='word_1_57' title='bbox 230 1108 275 1172; x_wconf 95' lang='lat' dir='ltr'>dii</span> <span class='ocrx_word' id='word_1_58' title='bbox 289 1107 499 1172; x_wconf 72' lang='lat' dir='ltr'>incredulitas</span> <span class='ocrx_word' id='word_1_59' title='bbox 515 1107 644 1189; x_wconf 88' lang='lat' dir='ltr'>inferat,</span> <span class='ocrx_word' id='word_1_60' title='bbox 668 1113 824 1192; x_wconf 91' lang='lat' dir='ltr'>quantum</span> <span class='ocrx_word' id='word_1_61' title='bbox 839 1107 992 1172; x_wconf 90' lang='lat' dir='ltr'>beneficii</span> <span class='ocrx_word' id='word_1_62' title='bbox 1009 1109 1077 1172; x_wconf 91' lang='lat' dir='ltr'>suis</span> <span class='ocrx_word' id='word_1_63' title='bbox 1093 1108 1272 1172; x_wconf 88' lang='lat' dir='ltr'>cultoribus</span> <span class='ocrx_word' id='word_1_64' title='bbox 1288 1129 1365 1173; x_wconf 92' lang='lat' dir='ltr'>con·</span> 
     </span>
     <span class='ocr_line' id='line_1_9' title="bbox 230 1193 610 1278; baseline 0 -20"><span class='ocrx_word' id='word_1_65' title='bbox 230 1194 316 1260; x_wconf 85' lang='lat' dir='ltr'>ferat</span> <span class='ocrx_word' id='word_1_66' title='bbox 339 1193 451 1257; x_wconf 92' lang='lat' dir='ltr'>diuina</span> <span class='ocrx_word' id='word_1_67' title='bbox 471 1193 610 1278; x_wconf 82' lang='lat' dir='ltr'>largitio.</span> 
     </span>
     <span class='ocr_line' id='line_1_10' title="bbox 317 1277 1402 1364; baseline 0.004 -20"><span class='ocrx_word' id='word_1_68' title='bbox 317 1279 411 1344; x_wconf 90' lang='lat' dir='ltr'>XIII.</span> <span class='ocrx_word' id='word_1_69' title='bbox 442 1280 526 1345; x_wconf 88' lang='lat' dir='ltr'>Item</span> <span class='ocrx_word' id='word_1_70' title='bbox 554 1281 647 1344; x_wconf 86' lang='lat' dir='ltr'>iuxta</span> <span class='ocrx_word' id='word_1_71' title='bbox 674 1277 844 1364; x_wconf 90' lang='lat' dir='ltr'>oppidum,</span> <span class='ocrx_word' id='word_1_72' title='bbox 878 1277 965 1362; x_wconf 92' lang='lat' dir='ltr'>quod</span> <span class='ocrx_word' id='word_1_73' title='bbox 992 1278 1096 1343; x_wconf 92' lang='lat' dir='ltr'>quao</span> <span class='ocrx_word' id='word_1_74' title='bbox 1124 1280 1363 1364; x_wconf 89' lang='lat' dir='ltr'>appellabatur,</span> <span class='ocrx_word' id='word_1_75' title='bbox 1388 1291 1402 1350; x_wconf 90' lang='lat' dir='ltr'>l</span> 
     </span>
     <span class='ocr_line' id='line_1_11' title="bbox 187 1365 1363 1451; baseline 0 -21"><span class='ocrx_word' id='word_1_76' title='bbox 187 1390 212 1430; x_wconf 84' lang='lat' dir='ltr'>ro</span> <span class='ocrx_word' id='word_1_77' title='bbox 232 1387 306 1431; x_wconf 93' lang='lat' dir='ltr'>cum</span> <span class='ocrx_word' id='word_1_78' title='bbox 338 1365 478 1451; x_wconf 89' lang='lat' dir='ltr'>quadam</span> <span class='ocrx_word' id='word_1_79' title='bbox 505 1367 557 1431; x_wconf 91' lang='lat' dir='ltr'>die</span> <span class='ocrx_word' id='word_1_80' title='bbox 586 1367 744 1430; x_wconf 81' lang='lat' dir='ltr'>intrantes</span> <span class='ocrx_word' id='word_1_81' title='bbox 774 1365 944 1429; x_wconf 91' lang='lat' dir='ltr'>basilicam</span> <span class='ocrx_word' id='word_1_82' title='bbox 966 1367 1104 1431; x_wconf 90' lang='lat' dir='ltr'>aestatis</span> <span class='ocrx_word' id='word_1_83' title='bbox 1127 1373 1274 1450; x_wconf 91' lang='lat' dir='ltr'>tempore</span> <span class='ocrx_word' id='word_1_84' title='bbox 1298 1367 1363 1432; x_wconf 89' lang='lat' dir='ltr'>sol-</span> 
     </span>
     <span class='ocr_line' id='line_1_12' title="bbox 232 1451 1364 1538; baseline 0 -22"><span class='ocrx_word' id='word_1_85' title='bbox 232 1453 437 1518; x_wconf 86' lang='lat' dir='ltr'>lcmnitatem</span> <span class='ocrx_word' id='word_1_86' title='bbox 452 1474 594 1538; x_wconf 89' lang='lat' dir='ltr'>uespere</span> <span class='ocrx_word' id='word_1_87' title='bbox 609 1451 767 1517; x_wconf 86' lang='lat' dir='ltr'>reddituri</span> <span class='ocrx_word' id='word_1_88' title='bbox 783 1451 824 1515; x_wconf 92' lang='lat' dir='ltr'>ad</span> <span class='ocrx_word' id='word_1_89' title='bbox 841 1451 1051 1516; x_wconf 89' lang='lat' dir='ltr'>accendenda</span> <span class='ocrx_word' id='word_1_90' title='bbox 1066 1452 1240 1517; x_wconf 89' lang='lat' dir='ltr'>luminaria</span> <span class='ocrx_word' id='word_1_91' title='bbox 1253 1454 1364 1537; x_wconf 82' lang='lat' dir='ltr'>ignem</span> 
     </span>
     <span class='ocr_line' id='line_1_13' title="bbox 233 1539 1365 1624; baseline 0.002 -21"><span class='ocrx_word' id='word_1_92' title='bbox 233 1540 365 1604; x_wconf 91' lang='lat' dir='ltr'>minime</span> <span class='ocrx_word' id='word_1_93' title='bbox 388 1541 620 1624; x_wconf 81' lang='lat' dir='ltr'>repperissent,</span> <span class='ocrx_word' id='word_1_94' title='bbox 644 1539 808 1602; x_wconf 87' lang='lat' dir='ltr'>flammam</span> <span class='ocrx_word' id='word_1_95' title='bbox 832 1539 1000 1602; x_wconf 76' lang='lat' dir='ltr'>concussis</span> <span class='ocrx_word' id='word_1_96' title='bbox 1024 1559 1067 1603; x_wconf 90' lang='lat' dir='ltr'>ex</span> <span class='ocrx_word' id='word_1_97' title='bbox 1089 1559 1177 1603; x_wconf 92' lang='lat' dir='ltr'>more</span> <span class='ocrx_word' id='word_1_98' title='bbox 1200 1539 1365 1624; x_wconf 83' lang='lat' dir='ltr'>lapidibus</span> 
     </span>
     <span class='ocr_line' id='line_1_14' title="bbox 233 1624 1364 1710; baseline -0.001 -19"><span class='ocrx_word' id='word_1_99' title='bbox 233 1627 353 1691; x_wconf 91' lang='lat' dir='ltr'>elicere</span> <span class='ocrx_word' id='word_1_100' title='bbox 376 1627 604 1709; x_wconf 87' lang='lat' dir='ltr'>nequiucrunt,</span> <span class='ocrx_word' id='word_1_101' title='bbox 628 1626 661 1688; x_wconf 93' lang='lat' dir='ltr'>in</span> <span class='ocrx_word' id='word_1_102' title='bbox 676 1630 804 1689; x_wconf 92' lang='lat' dir='ltr'>tantum</span> <span class='ocrx_word' id='word_1_103' title='bbox 821 1626 980 1689; x_wconf 89' lang='lat' dir='ltr'>alterutra</span> <span class='ocrx_word' id='word_1_104' title='bbox 993 1624 1073 1689; x_wconf 86' lang='lat' dir='ltr'>ferri</span> <span class='ocrx_word' id='word_1_105' title='bbox 1095 1646 1134 1690; x_wconf 90' lang='lat' dir='ltr'>ac</span> <span class='ocrx_word' id='word_1_106' title='bbox 1155 1632 1271 1710; x_wconf 89' lang='lat' dir='ltr'>petrae</span> <span class='ocrx_word' id='word_1_107' title='bbox 1287 1646 1364 1690; x_wconf 90' lang='lat' dir='ltr'>con-</span> 
     </span>
    </p>

    <p class='ocr_par' dir='ltr' id='par_1_3' title="bbox 140 1711 1405 2639">
     <span class='ocr_line' id='line_1_15' title="bbox 140 1711 1364 1796; baseline 0 -20"><span class='ocrx_word' id='word_1_108' title='bbox 140 1735 141 1738; x_wconf 46' lang='lat'><em>*</em></span> <span class='ocrx_word' id='word_1_109' title='bbox 231 1712 348 1777; x_wconf 91' lang='lat' dir='ltr'>lisione</span> <span class='ocrx_word' id='word_1_110' title='bbox 372 1713 551 1792; x_wconf 86' lang='lat' dir='ltr'>tardantes,</span> <span class='ocrx_word' id='word_1_111' title='bbox 574 1718 611 1775; x_wconf 92' lang='lat' dir='ltr'>ut</span> <span class='ocrx_word' id='word_1_112' title='bbox 633 1718 760 1796; x_wconf 89' lang='lat' dir='ltr'>tempus</span> <span class='ocrx_word' id='word_1_113' title='bbox 776 1712 988 1794; x_wconf 90' lang='lat' dir='ltr'>uespertinae</span> <span class='ocrx_word' id='word_1_114' title='bbox 1004 1711 1234 1776; x_wconf 88' lang='lat' dir='ltr'>sollemnitatis</span> <span class='ocrx_word' id='word_1_115' title='bbox 1249 1712 1364 1776; x_wconf 86' lang='lat' dir='ltr'>elilue-</span> 
     </span>
     <span class='ocr_line' id='line_1_16' title="bbox 189 1797 1405 1883; baseline 0.007 -25"><span class='ocrx_word' id='word_1_116' title='bbox 189 1819 215 1878; x_wconf 73' lang='lat' dir='ltr'>re</span> <span class='ocrx_word' id='word_1_117' title='bbox 232 1804 293 1864; x_wconf 92' lang='lat' dir='ltr'>ret.</span> <span class='ocrx_word' id='word_1_118' title='bbox 324 1803 371 1862; x_wconf 84' lang='lat' dir='ltr'>at</span> <span class='ocrx_word' id='word_1_119' title='bbox 398 1799 448 1862; x_wconf 89' lang='lat' dir='ltr'>uir</span> <span class='ocrx_word' id='word_1_120' title='bbox 476 1799 529 1863; x_wconf 92' lang='lat' dir='ltr'>dei</span> <span class='ocrx_word' id='word_1_121' title='bbox 552 1798 691 1883; x_wconf 88' lang='lat' dir='ltr'>genibus</span> <span class='ocrx_word' id='word_1_122' title='bbox 718 1797 809 1862; x_wconf 93' lang='lat' dir='ltr'>humi</span> <span class='ocrx_word' id='word_1_123' title='bbox 832 1797 907 1861; x_wconf 86' lang='lat' dir='ltr'>fixis</span> <span class='ocrx_word' id='word_1_124' title='bbox 936 1797 1051 1863; x_wconf 92' lang='lat' dir='ltr'>orabat</span> <span class='ocrx_word' id='word_1_125' title='bbox 1073 1798 1242 1863; x_wconf 86' lang='lat' dir='ltr'>attentius.</span> <span class='ocrx_word' id='word_1_126' title='bbox 1287 1806 1405 1867; x_wconf 79' lang='lat' dir='ltr'>mox2</span> 
     </span>
     <span class='ocr_line' id='line_1_17' title="bbox 231 1883 1363 1970; baseline 0 -22"><span class='ocrx_word' id='word_1_127' title='bbox 231 1886 332 1970; x_wconf 88' lang='lat' dir='ltr'>igitur</span> <span class='ocrx_word' id='word_1_128' title='bbox 353 1885 387 1948; x_wconf 93' lang='lat' dir='ltr'>in</span> <span class='ocrx_word' id='word_1_129' title='bbox 411 1892 590 1969; x_wconf 88' lang='lat' dir='ltr'>conspectu</span> <span class='ocrx_word' id='word_1_130' title='bbox 612 1886 711 1948; x_wconf 92' lang='lat' dir='ltr'>trium</span> <span class='ocrx_word' id='word_1_131' title='bbox 734 1883 930 1967; x_wconf 88' lang='lat' dir='ltr'>spiritalium</span> <span class='ocrx_word' id='word_1_132' title='bbox 946 1885 1000 1968; x_wconf 91' lang='lat' dir='ltr'>qui</span> <span class='ocrx_word' id='word_1_133' title='bbox 1016 1883 1153 1950; x_wconf 89' lang='lat' dir='ltr'>aderant</span> <span class='ocrx_word' id='word_1_134' title='bbox 1175 1889 1253 1950; x_wconf 91' lang='lat' dir='ltr'>tunc</span> <span class='ocrx_word' id='word_1_135' title='bbox 1275 1886 1363 1949; x_wconf 93' lang='lat' dir='ltr'>uiro·</span> 
     </span>
     <span class='ocr_line' id='line_1_18' title="bbox 231 1969 1364 2054; baseline -0.001 -18"><span class='ocrx_word' id='word_1_136' title='bbox 231 1993 302 2036; x_wconf 92' lang='lat' dir='ltr'>rum</span> <span class='ocrx_word' id='word_1_137' title='bbox 331 1991 456 2052; x_wconf 89' lang='lat' dir='ltr'>cereus,</span> <span class='ocrx_word' id='word_1_138' title='bbox 487 1992 584 2054; x_wconf 90' lang='lat' dir='ltr'>quem</span> <span class='ocrx_word' id='word_1_139' title='bbox 611 1991 711 2035; x_wconf 90' lang='lat' dir='ltr'>manu</span> <span class='ocrx_word' id='word_1_140' title='bbox 741 1970 828 2034; x_wconf 92' lang='lat' dir='ltr'>idem</span> <span class='ocrx_word' id='word_1_141' title='bbox 857 1976 991 2034; x_wconf 90' lang='lat' dir='ltr'>sanctus</span> <span class='ocrx_word' id='word_1_142' title='bbox 1015 1969 1194 2035; x_wconf 84' lang='lat' dir='ltr'>Seuerinus</span> <span class='ocrx_word' id='word_1_143' title='bbox 1216 1973 1364 2050; x_wconf 90' lang='lat' dir='ltr'>tenebat,</span> 
     </span>
     <span class='ocr_line' id='line_1_19' title="bbox 231 2057 1365 2143; baseline -0.002 -20"><span class='ocrx_word' id='word_1_144' title='bbox 231 2078 389 2123; x_wconf 89' lang='lat' dir='ltr'>accensus</span> <span class='ocrx_word' id='word_1_145' title='bbox 414 2063 474 2123; x_wconf 74' lang='lat' dir='ltr'>est,</span> <span class='ocrx_word' id='word_1_146' title='bbox 522 2079 584 2143; x_wconf 91' lang='lat' dir='ltr'>quo</span> <span class='ocrx_word' id='word_1_147' title='bbox 607 2057 739 2122; x_wconf 91' lang='lat' dir='ltr'>lucente</span> <span class='ocrx_word' id='word_1_148' title='bbox 763 2057 922 2121; x_wconf 89' lang='lat' dir='ltr'>sacrificio</span> <span class='ocrx_word' id='word_1_149' title='bbox 944 2058 1128 2141; x_wconf 89' lang='lat' dir='ltr'>uespertini</span> <span class='ocrx_word' id='word_1_150' title='bbox 1149 2060 1306 2143; x_wconf 93' lang='lat' dir='ltr'>temporis</span> <span class='ocrx_word' id='word_1_151' title='bbox 1322 2079 1365 2123; x_wconf 89' lang='lat' dir='ltr'>ex</span> 
     </span>
     <span class='ocr_line' id='line_1_20' title="bbox 229 2143 1364 2230; baseline 0 -22"><span class='ocrx_word' id='word_1_152' title='bbox 229 2166 320 2209; x_wconf 90' lang='lat' dir='ltr'>more</span> <span class='ocrx_word' id='word_1_153' title='bbox 351 2146 502 2230; x_wconf 87' lang='lat' dir='ltr'>suppleto</span> <span class='ocrx_word' id='word_1_154' title='bbox 532 2145 659 2229; x_wconf 89' lang='lat' dir='ltr'>gratiae</span> <span class='ocrx_word' id='word_1_155' title='bbox 692 2143 754 2207; x_wconf 90' lang='lat' dir='ltr'>deo</span> <span class='ocrx_word' id='word_1_156' title='bbox 783 2143 972 2207; x_wconf 84' lang='lat' dir='ltr'>referuntur</span> <span class='ocrx_word' id='word_1_157' title='bbox 1003 2145 1036 2206; x_wconf 91' lang='lat' dir='ltr'>in</span> <span class='ocrx_word' id='word_1_158' title='bbox 1069 2145 1230 2209; x_wconf 90' lang='lat' dir='ltr'>omnibus.</span> <span class='ocrx_word' id='word_1_159' title='bbox 1279 2144 1364 2230; x_wconf 93' lang='lat' dir='ltr'>quod</span> 
     </span>
     <span class='ocr_line' id='line_1_21' title="bbox 186 2229 1365 2315; baseline 0.004 -25"><span class='ocrx_word' id='word_1_160' title='bbox 186 2250 213 2290; x_wconf 85' lang='lat' dir='ltr'>ac</span> <span class='ocrx_word' id='word_1_161' title='bbox 230 2231 353 2296; x_wconf 82' lang='lat' dir='ltr'>lactum</span> <span class='ocrx_word' id='word_1_162' title='bbox 377 2232 454 2296; x_wconf 91' lang='lat' dir='ltr'>licet</span> <span class='ocrx_word' id='word_1_163' title='bbox 476 2238 682 2310; x_wconf 89' lang='lat' dir='ltr'>memoratos,</span> <span class='ocrx_word' id='word_1_164' title='bbox 705 2230 761 2315; x_wconf 92' lang='lat' dir='ltr'>qui</span> <span class='ocrx_word' id='word_1_165' title='bbox 777 2229 855 2293; x_wconf 93' lang='lat' dir='ltr'>huic</span> <span class='ocrx_word' id='word_1_166' title='bbox 870 2230 1048 2294; x_wconf 84' lang='lat' dir='ltr'>interfuere</span> <span class='ocrx_word' id='word_1_167' title='bbox 1064 2231 1233 2310; x_wconf 89' lang='lat' dir='ltr'>miraculo,</span> <span class='ocrx_word' id='word_1_168' title='bbox 1256 2233 1365 2296; x_wconf 86' lang='lat' dir='ltr'>celare</span> 
     </span>
     <span class='ocr_line' id='line_1_22' title="bbox 230 2316 1366 2402; baseline 0.001 -22"><span class='ocrx_word' id='word_1_169' title='bbox 230 2318 373 2382; x_wconf 92' lang='lat' dir='ltr'>uoluerit</span> <span class='ocrx_word' id='word_1_170' title='bbox 397 2318 482 2382; x_wconf 87' lang='lat' dir='ltr'>sicut</span> <span class='ocrx_word' id='word_1_171' title='bbox 512 2318 615 2383; x_wconf 92' lang='lat' dir='ltr'>multa</span> <span class='ocrx_word' id='word_1_172' title='bbox 638 2317 814 2402; x_wconf 87' lang='lat' dir='ltr'>magnalia,</span> <span class='ocrx_word' id='word_1_173' title='bbox 839 2337 923 2401; x_wconf 93' lang='lat' dir='ltr'>quae</span> <span class='ocrx_word' id='word_1_174' title='bbox 945 2316 1120 2401; x_wconf 89' lang='lat' dir='ltr'>perillum</span> <span class='ocrx_word' id='word_1_175' title='bbox 1144 2317 1264 2381; x_wconf 89' lang='lat' dir='ltr'>diuinis</span> <span class='ocrx_word' id='word_1_176' title='bbox 1289 2325 1366 2382; x_wconf 89' lang='lat' dir='ltr'>sunt</span> 
     </span>
     <span class='ocr_line' id='line_1_23' title="bbox 232 2403 1366 2484; baseline 0 -16"><span class='ocrx_word' id='word_1_177' title='bbox 232 2404 404 2469; x_wconf 82' lang='lat' dir='ltr'>effectibus</span> <span class='ocrx_word' id='word_1_178' title='bbox 428 2405 604 2484; x_wconf 86' lang='lat' dir='ltr'>celebrata,</span> <span class='ocrx_word' id='word_1_179' title='bbox 629 2405 761 2468; x_wconf 85' lang='lat' dir='ltr'>claritas</span> <span class='ocrx_word' id='word_1_180' title='bbox 785 2409 896 2466; x_wconf 88' lang='lat' dir='ltr'>tamen</span> <span class='ocrx_word' id='word_1_181' title='bbox 919 2409 1032 2468; x_wconf 92' lang='lat' dir='ltr'>tantae</span> <span class='ocrx_word' id='word_1_182' title='bbox 1054 2403 1187 2471; x_wconf 92' lang='lat' dir='ltr'>uirtutis</span> <span class='ocrx_word' id='word_1_183' title='bbox 1209 2405 1366 2469; x_wconf 91' lang='lat' dir='ltr'>occultari</span> 
     </span>
     <span class='ocr_line' id='line_1_24' title="bbox 230 2489 1365 2639; baseline 0.001 -86"><span class='ocrx_word' id='word_1_184' title='bbox 230 2490 442 2639; x_wconf 72' lang='lat' dir='ltr'>nondpotuit,</span> <span class='ocrx_word' id='word_1_185' title='bbox 472 2489 531 2555; x_wconf 90' lang='lat' dir='ltr'>scd</span> <span class='ocrx_word' id='word_1_186' title='bbox 559 2491 601 2554; x_wconf 91' lang='lat' dir='ltr'>ad</span> <span class='ocrx_word' id='word_1_187' title='bbox 629 2509 780 2574; x_wconf 90' lang='lat' dir='ltr'>magnam</span> <span class='ocrx_word' id='word_1_188' title='bbox 810 2489 909 2553; x_wconf 89' lang='lat' dir='ltr'>fidem</span> <span class='ocrx_word' id='word_1_189' title='bbox 931 2495 1060 2554; x_wconf 90' lang='lat' dir='ltr'>ceteros</span> <span class='ocrx_word' id='word_1_190' title='bbox 1084 2490 1286 2555; x_wconf 85' lang='lat' dir='ltr'>excellenter</span> <span class='ocrx_word' id='word_1_191' title='bbox 1309 2511 1365 2556; x_wconf 91' lang='lat' dir='ltr'>ac-</span> 
     </span>
    </p>

    <p class='ocr_par' dir='ltr' id='par_1_4' title="bbox 232 2577 457 2640">
     <span class='ocr_line' id='line_1_25' title="bbox 232 2577 457 2640; baseline -0.009 0"><span class='ocrx_word' id='word_1_192' title='bbox 232 2597 293 2640; x_wconf 90' lang='lat' dir='ltr'>cen</span> <span class='ocrx_word' id='word_1_193' title='bbox 317 2577 352 2638; x_wconf 91' lang='lat' dir='ltr'>it.</span> <span class='ocrx_word' id='word_1_194' title='bbox 456 2615 457 2618; x_wconf 59' lang='lat'><em>=</em></span> 
     </span>
    </p>

    <p class='ocr_par' dir='ltr' id='par_1_5' title="bbox 187 2659 1408 3092">
     <span class='ocr_line' id='line_1_26' title="bbox 187 2659 1403 2746; baseline 0.005 -24"><span class='ocrx_word' id='word_1_195' title='bbox 187 2681 212 2722; x_wconf 77' lang='lat' dir='ltr'>aa</span> <span class='ocrx_word' id='word_1_196' title='bbox 260 2739 263 2744; x_wconf 86' lang='lat'>.</span> <span class='ocrx_word' id='word_1_197' title='bbox 317 2659 429 2725; x_wconf 92' lang='lat' dir='ltr'>XIIII.</span> <span class='ocrx_word' id='word_1_198' title='bbox 452 2660 582 2726; x_wconf 83' lang='lat' dir='ltr'>Accidit</span> <span class='ocrx_word' id='word_1_199' title='bbox 610 2661 710 2726; x_wconf 90' lang='lat' dir='ltr'>etiam</span> <span class='ocrx_word' id='word_1_200' title='bbox 739 2659 888 2726; x_wconf 88' lang='lat' dir='ltr'>eiusdem</span> <span class='ocrx_word' id='word_1_201' title='bbox 914 2661 979 2724; x_wconf 91' lang='lat' dir='ltr'>loci</span> <span class='ocrx_word' id='word_1_202' title='bbox 1007 2661 1171 2746; x_wconf 92' lang='lat' dir='ltr'>quandam</span> <span class='ocrx_word' id='word_1_203' title='bbox 1193 2660 1403 2728; x_wconf 88' lang='lat' dir='ltr'>muliereml</span> 
     </span>
     <span class='ocr_line' id='line_1_27' title="bbox 231 2747 1363 2832; baseline 0 -22"><span class='ocrx_word' id='word_1_204' title='bbox 231 2747 383 2812; x_wconf 91' lang='lat' dir='ltr'>diuturno</span> <span class='ocrx_word' id='word_1_205' title='bbox 407 2747 541 2832; x_wconf 92' lang='lat' dir='ltr'>langore</span> <span class='ocrx_word' id='word_1_206' title='bbox 569 2754 724 2812; x_wconf 90' lang='lat' dir='ltr'>uexatam</span> <span class='ocrx_word' id='word_1_207' title='bbox 751 2747 859 2812; x_wconf 89' lang='lat' dir='ltr'>iacere</span> <span class='ocrx_word' id='word_1_208' title='bbox 887 2749 1096 2827; x_wconf 85' lang='lat' dir='ltr'>seminecem,</span> <span class='ocrx_word' id='word_1_209' title='bbox 1126 2748 1275 2832; x_wconf 85' lang='lat' dir='ltr'>exequiis</span> <span class='ocrx_word' id='word_1_210' title='bbox 1298 2749 1363 2812; x_wconf 95' lang='lat' dir='ltr'>iam</span> 
     </span>
     <span class='ocr_line' id='line_1_28' title="bbox 230 2834 1363 2919; baseline 0.002 -23"><span class='ocrx_word' id='word_1_211' title='bbox 230 2835 363 2917; x_wconf 90' lang='lat' dir='ltr'>paratis,</span> <span class='ocrx_word' id='word_1_212' title='bbox 392 2835 483 2898; x_wconf 90' lang='lat' dir='ltr'>cuius</span> <span class='ocrx_word' id='word_1_213' title='bbox 513 2835 654 2919; x_wconf 89' lang='lat' dir='ltr'>proximi</span> <span class='ocrx_word' id='word_1_214' title='bbox 681 2840 805 2898; x_wconf 89' lang='lat' dir='ltr'>maesto</span> <span class='ocrx_word' id='word_1_215' title='bbox 830 2834 959 2898; x_wconf 90' lang='lat' dir='ltr'>silentio</span> <span class='ocrx_word' id='word_1_216' title='bbox 982 2854 1082 2898; x_wconf 90' lang='lat' dir='ltr'>uoces</span> <span class='ocrx_word' id='word_1_217' title='bbox 1105 2834 1260 2899; x_wconf 87' lang='lat' dir='ltr'>funereas</span> <span class='ocrx_word' id='word_1_218' title='bbox 1284 2854 1363 2918; x_wconf 92' lang='lat' dir='ltr'>quo·</span> 
     </span>
     <span class='ocr_line' id='line_1_29' title="bbox 232 2903 1363 3007; baseline 0.001 -24"><span class='ocrx_word' id='word_1_219' title='bbox 232 2919 307 2984; x_wconf 92' lang='lat' dir='ltr'>dam</span> <span class='ocrx_word' id='word_1_220' title='bbox 329 2919 406 2984; x_wconf 93' lang='lat' dir='ltr'>fidei</span> <span class='ocrx_word' id='word_1_221' title='bbox 420 2903 572 2986; x_wconf 61' lang='lat' dir='ltr'>“clamore</span> <span class='ocrx_word' id='word_1_222' title='bbox 594 2926 786 3007; x_wconf 89' lang='lat' dir='ltr'>presserunt</span> <span class='ocrx_word' id='word_1_223' title='bbox 809 2926 842 2984; x_wconf 93' lang='lat' dir='ltr'>et</span> <span class='ocrx_word' id='word_1_224' title='bbox 866 2925 943 2984; x_wconf 90' lang='lat' dir='ltr'>ante</span> <span class='ocrx_word' id='word_1_225' title='bbox 966 2921 1086 2984; x_wconf 87' lang='lat' dir='ltr'>ostium</span> <span class='ocrx_word' id='word_1_226' title='bbox 1102 2920 1240 2985; x_wconf 88' lang='lat' dir='ltr'>cellulae</span> <span class='ocrx_word' id='word_1_227' title='bbox 1258 2921 1363 2984; x_wconf 89' lang='lat' dir='ltr'>sancti</span> 
     </span>
     <span class='ocr_line' id='line_1_30' title="bbox 231 3005 1408 3092; baseline 0.002 -23"><span class='ocrx_word' id='word_1_228' title='bbox 231 3006 293 3070; x_wconf 91' lang='lat' dir='ltr'>uiri</span> <span class='ocrx_word' id='word_1_229' title='bbox 316 3027 431 3092; x_wconf 90' lang='lat' dir='ltr'>corpus</span> <span class='ocrx_word' id='word_1_230' title='bbox 455 3007 520 3072; x_wconf 91' lang='lat' dir='ltr'>iam</span> <span class='ocrx_word' id='word_1_231' title='bbox 536 3028 640 3092; x_wconf 90' lang='lat' dir='ltr'>paene</span> <span class='ocrx_word' id='word_1_232' title='bbox 657 3008 807 3072; x_wconf 90' lang='lat' dir='ltr'>exanime</span> <span class='ocrx_word' id='word_1_233' title='bbox 822 3005 1005 3090; x_wconf 91' lang='lat' dir='ltr'>deposuere</span> <span class='ocrx_word' id='word_1_234' title='bbox 1019 3008 1216 3092; x_wconf 90' lang='lat' dir='ltr'>languentis.</span> <span class='ocrx_word' id='word_1_235' title='bbox 1248 3007 1365 3072; x_wconf 88' lang='lat' dir='ltr'>uidens</span> <span class='ocrx_word' id='word_1_236' title='bbox 1388 3010 1408 3071; x_wconf 80' lang='lat'><strong>2</strong></span> 
     </span>
    </p>

    <p class='ocr_par' dir='ltr' id='par_1_6' title="bbox 188 3091 1366 3438">
     <span class='ocr_line' id='line_1_31' title="bbox 188 3091 1365 3178; baseline -0.004 -17"><span class='ocrx_word' id='word_1_237' title='bbox 188 3120 215 3161; x_wconf 88' lang='lat' dir='ltr'>ao</span> <span class='ocrx_word' id='word_1_238' title='bbox 232 3092 343 3178; x_wconf 92' lang='lat' dir='ltr'>itaque</span> <span class='ocrx_word' id='word_1_239' title='bbox 372 3093 468 3158; x_wconf 91' lang='lat' dir='ltr'>homo</span> <span class='ocrx_word' id='word_1_240' title='bbox 491 3092 546 3159; x_wconf 92' lang='lat' dir='ltr'>dci</span> <span class='ocrx_word' id='word_1_241' title='bbox 574 3095 718 3158; x_wconf 90' lang='lat' dir='ltr'>clausum</span> <span class='ocrx_word' id='word_1_242' title='bbox 745 3093 870 3157; x_wconf 91' lang='lat' dir='ltr'>aditum</span> <span class='ocrx_word' id='word_1_243' title='bbox 892 3094 1097 3178; x_wconf 90' lang='lat' dir='ltr'>oppositione</span> <span class='ocrx_word' id='word_1_244' title='bbox 1119 3094 1231 3159; x_wconf 91' lang='lat' dir='ltr'>lectuli</span> <span class='ocrx_word' id='word_1_245' title='bbox 1254 3095 1301 3158; x_wconf 91' lang='lat' dir='ltr'>ait</span> <span class='ocrx_word' id='word_1_246' title='bbox 1323 3091 1365 3159; x_wconf 95' lang='lat' dir='ltr'>ad</span> 
     </span>
     <span class='ocr_line' id='line_1_32' title="bbox 233 3178 1364 3266; baseline -0.001 -22"><span class='ocrx_word' id='word_1_247' title='bbox 233 3200 304 3244; x_wconf 91' lang='lat' dir='ltr'>eos:</span> <span class='ocrx_word' id='word_1_248' title='bbox 339 3179 504 3264; x_wconf 88' lang='lat' dir='ltr'>‘quidnam</span> <span class='ocrx_word' id='word_1_249' title='bbox 533 3185 600 3259; x_wconf 90' lang='lat' dir='ltr'>est,</span> <span class='ocrx_word' id='word_1_250' title='bbox 637 3179 724 3265; x_wconf 91' lang='lat' dir='ltr'>quod</span> <span class='ocrx_word' id='word_1_251' title='bbox 756 3180 865 3244; x_wconf 88' lang='lat' dir='ltr'>facere</span> <span class='ocrx_word' id='word_1_252' title='bbox 893 3178 1077 3244; x_wconf 81' lang='lat' dir='ltr'>uoluistis’?</span> <span class='ocrx_word' id='word_1_253' title='bbox 1109 3179 1364 3266; x_wconf 89' lang='lat' dir='ltr'>responderunt:</span> 
     </span>
     <span class='ocr_line' id='line_1_33' title="bbox 234 3264 1365 3352; baseline 0.001 -22"><span class='ocrx_word' id='word_1_254' title='bbox 234 3269 280 3330; x_wconf 83' lang='lat' dir='ltr'>‘ut</span> <span class='ocrx_word' id='word_1_255' title='bbox 301 3267 448 3331; x_wconf 89' lang='lat' dir='ltr'>oratione</span> <span class='ocrx_word' id='word_1_256' title='bbox 471 3274 529 3330; x_wconf 91' lang='lat' dir='ltr'>tua</span> <span class='ocrx_word' id='word_1_257' title='bbox 550 3267 640 3330; x_wconf 92' lang='lat' dir='ltr'>uitae</span> <span class='ocrx_word' id='word_1_258' title='bbox 662 3264 817 3331; x_wconf 90' lang='lat' dir='ltr'>reddatur</span> <span class='ocrx_word' id='word_1_259' title='bbox 840 3265 1022 3332; x_wconf 88' lang='lat' dir='ltr'>exanimis’.</span> <span class='ocrx_word' id='word_1_260' title='bbox 1067 3273 1145 3331; x_wconf 92' lang='lat' dir='ltr'>tunc</span> <span class='ocrx_word' id='word_1_261' title='bbox 1167 3267 1239 3352; x_wconf 93' lang='lat' dir='ltr'>ipse</span> <span class='ocrx_word' id='word_1_262' title='bbox 1267 3267 1365 3331; x_wconf 88' lang='lat' dir='ltr'>lacri-</span> 
     </span>
     <span class='ocr_line' id='line_1_34' title="bbox 232 3351 1366 3438; baseline 0 -22"><span class='ocrx_word' id='word_1_263' title='bbox 232 3352 429 3418; x_wconf 89' lang='lat' dir='ltr'>mabundus:</span> <span class='ocrx_word' id='word_1_264' title='bbox 454 3351 552 3438; x_wconf 78' lang='lat' dir='ltr'>‘quiid’</span> <span class='ocrx_word' id='word_1_265' title='bbox 576 3353 680 3438; x_wconf 91' lang='lat' dir='ltr'>inquit</span> <span class='ocrx_word' id='word_1_266' title='bbox 696 3356 726 3418; x_wconf 90' lang='lat' dir='ltr'>‘a</span> <span class='ocrx_word' id='word_1_267' title='bbox 742 3373 843 3437; x_wconf 90' lang='lat' dir='ltr'>paruo</span> <span class='ocrx_word' id='word_1_268' title='bbox 858 3374 978 3438; x_wconf 86' lang='lat' dir='ltr'>magna</span> <span class='ocrx_word' id='word_1_269' title='bbox 1000 3352 1198 3438; x_wconf 80' lang='lat' dir='ltr'>deposcitis?</span> <span class='ocrx_word' id='word_1_270' title='bbox 1222 3373 1366 3438; x_wconf 89' lang='lat' dir='ltr'>agnosco</span> 
     </span>
    </p>
   </div>
   <div class='ocr_carea' id='block_1_3' title="bbox 317 3531 1182 3614">
    <p class='ocr_par' dir='ltr' id='par_1_7' title="bbox 317 3531 1182 3614">
     <span class='ocr_line' id='line_1_35' title="bbox 317 3531 1182 3614; baseline 0.003 -30"><span class='ocrx_word' id='word_1_271' title='bbox 317 3531 474 3601; x_wconf 70' lang='lat' dir='ltr'>manco).</span> <span class='ocrx_word' id='word_1_272' title='bbox 486 3533 680 3614; x_wconf 61' lang='lat' dir='ltr'>armanno.</span> <span class='ocrx_word' id='word_1_273' title='bbox 698 3532 897 3601; x_wconf 63' lang='lat' dir='ltr'>marsuas).</span> <span class='ocrx_word' id='word_1_274' title='bbox 916 3532 1182 3600; x_wconf 60' lang='lat' dir='ltr'>assemsum).</span> 
     </span>
    </p>
   </div>
   <div class='ocr_carea' id='block_1_4' title="bbox 151 3693 1475 4454">
    <p class='ocr_par' dir='ltr' id='par_1_8' title="bbox 231 3693 1375 3901">
     <span class='ocr_line' id='line_1_36' title="bbox 318 3693 1370 3764; baseline 0.002 -18"><span class='ocrx_word' id='word_1_275' title='bbox 318 3695 333 3746; x_wconf 92' lang='lat'>1</span> <span class='ocrx_word' id='word_1_276' title='bbox 346 3696 394 3747; x_wconf 88' lang='lat' dir='ltr'>sibi</span> <span class='ocrx_word' id='word_1_277' title='bbox 406 3694 474 3764; x_wconf 90' lang='lat' dir='ltr'>spes]</span> <span class='ocrx_word' id='word_1_278' title='bbox 486 3696 542 3749; x_wconf 79' lang='lat' dir='ltr'>LB</span> <span class='ocrx_word' id='word_1_279' title='bbox 552 3695 613 3762; x_wconf 92' lang='lat' dir='ltr'>(sibi</span> <span class='ocrx_word' id='word_1_280' title='bbox 619 3705 682 3763; x_wconf 80' lang='lat' dir='ltr'>post</span> <span class='ocrx_word' id='word_1_281' title='bbox 692 3693 708 3746; x_wconf 91' lang='grc'>2</span> <span class='ocrx_word' id='word_1_282' title='bbox 717 3697 819 3748; x_wconf 90' lang='lat' dir='ltr'>uiueret</span> <span class='ocrx_word' id='word_1_283' title='bbox 827 3695 895 3760; x_wconf 73' lang='lat' dir='ltr'>Bm),</span> <span class='ocrx_word' id='word_1_284' title='bbox 905 3696 955 3747; x_wconf 90' lang='lat' dir='ltr'>sibi</span> <span class='ocrx_word' id='word_1_285' title='bbox 963 3712 1008 3762; x_wconf 90' lang='lat' dir='ltr'>spe</span> <span class='ocrx_word' id='word_1_286' title='bbox 1017 3695 1046 3760; x_wconf 77' lang='grc'>8,</span> <span class='ocrx_word' id='word_1_287' title='bbox 1060 3711 1118 3762; x_wconf 88' lang='lat' dir='ltr'>spes</span> <span class='ocrx_word' id='word_1_288' title='bbox 1130 3696 1180 3751; x_wconf 90' lang='lat' dir='ltr'>sibi</span> <span class='ocrx_word' id='word_1_289' title='bbox 1190 3694 1228 3746; x_wconf 95' lang='grc' dir='ltr'>ΙΙ</span> <span class='ocrx_word' id='word_1_290' title='bbox 1277 3693 1294 3746; x_wconf 91' lang='grc'><strong>6</strong></span> <span class='ocrx_word' id='word_1_291' title='bbox 1306 3713 1370 3763; x_wconf 84' lang='lat' dir='ltr'>pau·</span> 
     </span>
     <span class='ocr_line' id='line_1_37' title="bbox 231 3762 1369 3832; baseline 0 -16"><span class='ocrx_word' id='word_1_292' title='bbox 231 3765 336 3831; x_wconf 86' lang='lat' dir='ltr'>perinus</span> <span class='ocrx_word' id='word_1_293' title='bbox 358 3765 392 3814; x_wconf 98' lang='grc' dir='ltr'><em>Μ</em></span> <span class='ocrx_word' id='word_1_294' title='bbox 474 3764 549 3818; x_wconf 64' lang='lat' dir='ltr'>isui</span> <span class='ocrx_word' id='word_1_295' title='bbox 572 3766 596 3816; x_wconf 90' lang='lat' dir='ltr'><em>L</em></span> <span class='ocrx_word' id='word_1_296' title='bbox 683 3762 807 3832; x_wconf 85' lang='lat' dir='ltr'>9iuuao]</span> <span class='ocrx_word' id='word_1_297' title='bbox 834 3767 932 3816; x_wconf 89' lang='lat' dir='ltr'>iuuauc</span> <span class='ocrx_word' id='word_1_298' title='bbox 955 3764 1036 3828; x_wconf 70' lang='lat' dir='ltr'>Bm,</span> <span class='ocrx_word' id='word_1_299' title='bbox 1064 3766 1128 3821; x_wconf 78' lang='lat' dir='ltr'>iuna</span> <span class='ocrx_word' id='word_1_300' title='bbox 1150 3762 1200 3829; x_wconf 67' lang='lat' dir='ltr'>Re,</span> <span class='ocrx_word' id='word_1_301' title='bbox 1227 3765 1291 3816; x_wconf 85' lang='lat' dir='ltr'>iuba</span> <span class='ocrx_word' id='word_1_302' title='bbox 1312 3765 1369 3828; x_wconf 76' lang='lat' dir='ltr'>Bm,</span> 
     </span>
     <span class='ocr_line' id='line_1_38' title="bbox 231 3831 1375 3901; baseline 0 -17"><span class='ocrx_word' id='word_1_303' title='bbox 231 3832 373 3886; x_wconf 78' lang='lat' dir='ltr'>iouiacoS</span> <span class='ocrx_word' id='word_1_304' title='bbox 423 3833 612 3901; x_wconf 86' lang='lat' dir='ltr'>appellabatur]</span> <span class='ocrx_word' id='word_1_305' title='bbox 632 3834 656 3897; x_wconf 90' lang='lat' dir='ltr'>I,</span> <span class='ocrx_word' id='word_1_306' title='bbox 675 3835 819 3901; x_wconf 86' lang='lat' dir='ltr'>appellatur</span> <span class='ocrx_word' id='word_1_307' title='bbox 836 3834 878 3885; x_wconf 92' lang='lat' dir='ltr'>II.</span> <span class='ocrx_word' id='word_1_308' title='bbox 889 3832 936 3886; x_wconf 76' lang='lat' dir='ltr'>SR</span> <span class='ocrx_word' id='word_1_309' title='bbox 1024 3832 1056 3886; x_wconf 94' lang='grc'>11</span> <span class='ocrx_word' id='word_1_310' title='bbox 1074 3831 1208 3901; x_wconf 88' lang='lat' dir='ltr'>reddituri]</span> <span class='ocrx_word' id='word_1_311' title='bbox 1226 3836 1320 3886; x_wconf 85' lang='lat' dir='ltr'>dicturi</span> <span class='ocrx_word' id='word_1_312' title='bbox 1339 3834 1375 3884; x_wconf 89' lang='grc' dir='ltr'><em>Μ</em></span> 
     </span>
    </p>

    <p class='ocr_par' dir='ltr' id='par_1_9' title="bbox 151 3900 1475 4454">
     <span class='ocr_line' id='line_1_39' title="bbox 265 3900 1475 3971; baseline 0.002 -17"><span class='ocrx_word' id='word_1_313' title='bbox 265 3902 411 3954; x_wconf 88' lang='lat' dir='ltr'>accedenda</span> <span class='ocrx_word' id='word_1_314' title='bbox 429 3904 454 3952; x_wconf 87' lang='lat' dir='ltr'><strong><em>A</em></strong></span> <span class='ocrx_word' id='word_1_315' title='bbox 531 3903 563 3954; x_wconf 83' lang='lat'>12</span> <span class='ocrx_word' id='word_1_316' title='bbox 580 3906 712 3956; x_wconf 85' lang='lat' dir='ltr'>concussis</span> <span class='ocrx_word' id='word_1_317' title='bbox 735 3904 790 3968; x_wconf 82' lang='lat' dir='ltr'>(sit</span> <span class='ocrx_word' id='word_1_318' title='bbox 807 3900 865 3969; x_wconf 78' lang='lat' dir='ltr'>L¹)]</span> <span class='ocrx_word' id='word_1_319' title='bbox 885 3902 909 3953; x_wconf 91' lang='grc' dir='ltr'>Ι.</span> <span class='ocrx_word' id='word_1_320' title='bbox 922 3902 976 3968; x_wconf 76' lang='lat' dir='ltr'>SR,</span> <span class='ocrx_word' id='word_1_321' title='bbox 996 3905 1112 3955; x_wconf 85' lang='lat' dir='ltr'>excussis</span> <span class='ocrx_word' id='word_1_322' title='bbox 1136 3903 1175 3954; x_wconf 92' lang='lat' dir='ltr'>II</span> <span class='ocrx_word' id='word_1_323' title='bbox 1226 3901 1368 3971; x_wconf 87' lang='lat' dir='ltr'>lapidibus]</span> <span class='ocrx_word' id='word_1_324' title='bbox 1468 3923 1475 3928; x_wconf 89' lang='lat'><strong>·</strong></span> 
     </span>
     <span class='ocr_line' id='line_1_40' title="bbox 230 3970 1445 4039; baseline 0.001 -15"><span class='ocrx_word' id='word_1_325' title='bbox 230 3972 394 4038; x_wconf 81' lang='lat' dir='ltr'>lampadibus</span> <span class='ocrx_word' id='word_1_326' title='bbox 418 3970 441 4022; x_wconf 76' lang='lat' dir='ltr'><strong><em>S</em></strong></span> <span class='ocrx_word' id='word_1_327' title='bbox 531 3971 564 4024; x_wconf 88' lang='lat'>13</span> <span class='ocrx_word' id='word_1_328' title='bbox 587 3970 657 4039; x_wconf 81' lang='lat' dir='ltr'>ferri]</span> <span class='ocrx_word' id='word_1_329' title='bbox 680 3973 705 4024; x_wconf 91' lang='lat' dir='ltr'>I.</span> <span class='ocrx_word' id='word_1_330' title='bbox 720 3972 778 4037; x_wconf 79' lang='lat' dir='ltr'>SR,</span> <span class='ocrx_word' id='word_1_331' title='bbox 806 3989 855 4024; x_wconf 85' lang='lat' dir='ltr'>cm.</span> <span class='ocrx_word' id='word_1_332' title='bbox 879 3972 917 4022; x_wconf 93' lang='grc' dir='ltr'>ΙΙ</span> <span class='ocrx_word' id='word_1_333' title='bbox 1005 3971 1038 4024; x_wconf 89' lang='grc'>16</span> <span class='ocrx_word' id='word_1_334' title='bbox 1066 3973 1222 4039; x_wconf 85' lang='lat' dir='ltr'>spiritalium</span> <span class='ocrx_word' id='word_1_335' title='bbox 1248 3973 1305 4025; x_wconf 73' lang='lat' dir='ltr'>uide</span> <span class='ocrx_word' id='word_1_336' title='bbox 1333 3973 1371 4024; x_wconf 88' lang='lat' dir='ltr'>ad</span> <span class='ocrx_word' id='word_1_337' title='bbox 1443 3982 1445 3985; x_wconf 82' lang='grc'>’</span> 
     </span>
     <span class='ocr_line' id='line_1_41' title="bbox 151 4037 1371 4109; baseline 0.002 -17"><span class='ocrx_word' id='word_1_338' title='bbox 151 4104 154 4109; x_wconf 88' lang='lat'>.</span> <span class='ocrx_word' id='word_1_339' title='bbox 229 4044 335 4106; x_wconf 59' lang='lat' dir='ltr'>p02,12</span> <span class='ocrx_word' id='word_1_340' title='bbox 415 4037 447 4090; x_wconf 86' lang='grc'>17</span> <span class='ocrx_word' id='word_1_341' title='bbox 464 4037 556 4108; x_wconf 88' lang='lat' dir='ltr'>manu]</span> <span class='ocrx_word' id='word_1_342' title='bbox 574 4043 602 4093; x_wconf 91' lang='lat' dir='ltr'>in</span> <span class='ocrx_word' id='word_1_343' title='bbox 619 4059 699 4094; x_wconf 87' lang='lat' dir='ltr'>manu</span> <span class='ocrx_word' id='word_1_344' title='bbox 716 4042 752 4092; x_wconf 91' lang='grc' dir='ltr'><em>Μ</em></span> <span class='ocrx_word' id='word_1_345' title='bbox 831 4040 864 4094; x_wconf 88' lang='grc'>18</span> <span class='ocrx_word' id='word_1_346' title='bbox 882 4041 1036 4108; x_wconf 88' lang='lat' dir='ltr'>uespertinis</span> <span class='ocrx_word' id='word_1_347' title='bbox 1054 4040 1107 4092; x_wconf 75' lang='lat' dir='ltr'>NA</span> <span class='ocrx_word' id='word_1_348' title='bbox 1189 4041 1221 4094; x_wconf 87' lang='lat'>19</span> <span class='ocrx_word' id='word_1_349' title='bbox 1240 4045 1282 4094; x_wconf 87' lang='lat' dir='ltr'>dei</span> <span class='ocrx_word' id='word_1_350' title='bbox 1300 4042 1371 4093; x_wconf 74' lang='lat' dir='ltr'>NA·</span> 
     </span>
     <span class='ocr_line' id='line_1_42' title="bbox 230 4107 1370 4178; baseline 0.001 -16"><span class='ocrx_word' id='word_1_351' title='bbox 230 4108 265 4162; x_wconf 76' lang='lat'>⁴20</span> <span class='ocrx_word' id='word_1_352' title='bbox 282 4111 427 4162; x_wconf 89' lang='lat' dir='ltr'>memoratis</span> <span class='ocrx_word' id='word_1_353' title='bbox 443 4107 481 4160; x_wconf 68' lang='grc' dir='ltr'><em>Μ</em></span> <span class='ocrx_word' id='word_1_354' title='bbox 568 4108 601 4160; x_wconf 92' lang='grc'>21</span> <span class='ocrx_word' id='word_1_355' title='bbox 619 4109 697 4178; x_wconf 85' lang='lat' dir='ltr'>sicut]</span> <span class='ocrx_word' id='word_1_356' title='bbox 717 4112 741 4175; x_wconf 89' lang='lat'>1,</span> <span class='ocrx_word' id='word_1_357' title='bbox 760 4112 797 4162; x_wconf 91' lang='lat' dir='ltr'>sic</span> <span class='ocrx_word' id='word_1_358' title='bbox 815 4117 841 4162; x_wconf 91' lang='lat' dir='ltr'>et</span> <span class='ocrx_word' id='word_1_359' title='bbox 859 4110 893 4170; x_wconf 86' lang='lat' dir='ltr'>N,</span> <span class='ocrx_word' id='word_1_360' title='bbox 911 4113 978 4163; x_wconf 89' lang='lat' dir='ltr'>sicut</span> <span class='ocrx_word' id='word_1_361' title='bbox 995 4118 1022 4163; x_wconf 91' lang='lat' dir='ltr'>et</span> <span class='ocrx_word' id='word_1_362' title='bbox 1044 4109 1170 4162; x_wconf 68' lang='lat' dir='ltr'>Pansa</span> <span class='ocrx_word' id='word_1_363' title='bbox 1257 4110 1292 4163; x_wconf 83' lang='grc'>26</span> <span class='ocrx_word' id='word_1_364' title='bbox 1311 4113 1370 4163; x_wconf 88' lang='lat' dir='ltr'>din·</span> 
     </span>
     <span class='ocr_line' id='line_1_43' title="bbox 231 4175 1379 4246; baseline 0.002 -16"><span class='ocrx_word' id='word_1_365' title='bbox 231 4177 317 4246; x_wconf 86' lang='lat' dir='ltr'>turno]</span> <span class='ocrx_word' id='word_1_366' title='bbox 344 4179 365 4229; x_wconf 94' lang='lat' dir='ltr'>I</span> <span class='ocrx_word' id='word_1_367' title='bbox 387 4177 447 4244; x_wconf 80' lang='lat' dir='ltr'>(iao.</span> <span class='ocrx_word' id='word_1_368' title='bbox 465 4175 523 4244; x_wconf 73' lang='lat' dir='ltr'>D).</span> <span class='ocrx_word' id='word_1_369' title='bbox 541 4176 598 4243; x_wconf 70' lang='lat' dir='ltr'>R&#39;f,</span> <span class='ocrx_word' id='word_1_370' title='bbox 626 4181 725 4232; x_wconf 90' lang='lat' dir='ltr'>diutino</span> <span class='ocrx_word' id='word_1_371' title='bbox 752 4179 794 4230; x_wconf 90' lang='grc' dir='ltr'>Π.</span> <span class='ocrx_word' id='word_1_372' title='bbox 807 4179 909 4230; x_wconf 71' lang='lat' dir='ltr'>snm</span> <span class='ocrx_word' id='word_1_373' title='bbox 971 4181 1054 4232; x_wconf 90' lang='lat' dir='ltr'>iacere</span> <span class='ocrx_word' id='word_1_374' title='bbox 1082 4181 1237 4233; x_wconf 87' lang='lat' dir='ltr'>seminecem</span> <span class='ocrx_word' id='word_1_375' title='bbox 1263 4198 1311 4233; x_wconf 89' lang='lat' dir='ltr'>om.</span> <span class='ocrx_word' id='word_1_376' title='bbox 1342 4180 1379 4232; x_wconf 88' lang='lat' dir='ltr'>K·</span> 
     </span>
     <span class='ocr_line' id='line_1_44' title="bbox 230 4245 1370 4316; baseline 0.003 -18"><span class='ocrx_word' id='word_1_377' title='bbox 230 4245 263 4298; x_wconf 84' lang='grc'>27</span> <span class='ocrx_word' id='word_1_378' title='bbox 281 4251 412 4300; x_wconf 83' lang='lat' dir='ltr'>funeratus</span> <span class='ocrx_word' id='word_1_379' title='bbox 429 4248 462 4298; x_wconf 91' lang='grc' dir='ltr'><em>Μ</em></span> <span class='ocrx_word' id='word_1_380' title='bbox 546 4245 580 4299; x_wconf 91' lang='grc'>29</span> <span class='ocrx_word' id='word_1_381' title='bbox 598 4249 753 4316; x_wconf 85' lang='lat' dir='ltr'>languentes</span> <span class='ocrx_word' id='word_1_382' title='bbox 771 4248 844 4298; x_wconf 74' lang='lat' dir='ltr'>TNA</span> <span class='ocrx_word' id='word_1_383' title='bbox 932 4247 967 4301; x_wconf 83' lang='lat'>30</span> <span class='ocrx_word' id='word_1_384' title='bbox 983 4251 1142 4316; x_wconf 87' lang='lat' dir='ltr'>appositione</span> <span class='ocrx_word' id='word_1_385' title='bbox 1156 4248 1203 4300; x_wconf 76' lang='lat'>00</span> <span class='ocrx_word' id='word_1_386' title='bbox 1289 4247 1370 4315; x_wconf 77' lang='lat' dir='ltr'>32l33</span> 
     </span>
     <span class='ocr_line' id='line_1_45' title="bbox 230 4314 1370 4386; baseline 0.004 -18"><span class='ocrx_word' id='word_1_387' title='bbox 230 4318 441 4370; x_wconf 87' lang='lat' dir='ltr'>lacrimabundus</span> <span class='ocrx_word' id='word_1_388' title='bbox 459 4317 522 4384; x_wconf 91' lang='lat' dir='ltr'>quid</span> <span class='ocrx_word' id='word_1_389' title='bbox 539 4314 633 4384; x_wconf 83' lang='lat' dir='ltr'>inquit]</span> <span class='ocrx_word' id='word_1_390' title='bbox 655 4317 734 4383; x_wconf 75' lang='lat' dir='ltr'>LOG,</span> <span class='ocrx_word' id='word_1_391' title='bbox 761 4318 973 4370; x_wconf 87' lang='lat' dir='ltr'>lacrimabundus</span> <span class='ocrx_word' id='word_1_392' title='bbox 990 4321 1053 4386; x_wconf 91' lang='lat' dir='ltr'>quid</span> <span class='ocrx_word' id='word_1_393' title='bbox 1070 4319 1157 4386; x_wconf 87' lang='lat' dir='ltr'>K.II‚</span> <span class='ocrx_word' id='word_1_394' title='bbox 1184 4320 1201 4370; x_wconf 91' lang='lat' dir='ltr'>l.</span> <span class='ocrx_word' id='word_1_395' title='bbox 1219 4320 1370 4372; x_wconf 84' lang='lat' dir='ltr'>exclamans</span> 
     </span>
     <span class='ocr_line' id='line_1_46' title="bbox 229 4386 946 4454; baseline -0.001 -16"><span class='ocrx_word' id='word_1_396' title='bbox 229 4388 266 4439; x_wconf 89' lang='lat' dir='ltr'>ait</span> <span class='ocrx_word' id='word_1_397' title='bbox 285 4389 348 4454; x_wconf 90' lang='lat' dir='ltr'>quid</span> <span class='ocrx_word' id='word_1_398' title='bbox 366 4387 413 4439; x_wconf 76' lang='lat' dir='ltr'>SR</span> <span class='ocrx_word' id='word_1_399' title='bbox 423 4389 540 4454; x_wconf 81' lang='lat' dir='ltr'>fortasse</span> <span class='ocrx_word' id='word_1_400' title='bbox 558 4395 624 4440; x_wconf 82' lang='lat' dir='ltr'>recte</span> <span class='ocrx_word' id='word_1_401' title='bbox 710 4386 745 4440; x_wconf 82' lang='lat'>33</span> <span class='ocrx_word' id='word_1_402' title='bbox 761 4388 895 4454; x_wconf 83' lang='lat' dir='ltr'>agnoscite</span> <span class='ocrx_word' id='word_1_403' title='bbox 913 4387 946 4437; x_wconf 86' lang='lat' dir='ltr'><em>M</em></span> 
     </span>
    </p>
   </div>
   <div class='ocr_carea' id='block_1_5' title="bbox 0 0 1696 5142">
    <p class='ocr_par' dir='ltr' id='par_1_10' title="bbox 0 0 1696 5142">
     <span class='ocr_line' id='line_1_47' title="bbox 0 0 1696 5142; baseline 0 0"><span class='ocrx_word' id='word_1_404' title='bbox 0 0 1696 5142; x_wconf 95' lang='lat' dir='ltr'> </span> 
     </span>
    </p>
   </div>
  </div>
 </body>
</html>
