3384 5142
331 427 366 484 32
826 433 979 484 uvcrrrn
1088 497 1091 502 ¹

333 602 457 666 monita
486 599 692 686 proferebat:
723 602 882 686 ‘quamuis
914 608 1032 667 cuncta
1057 602 1245 667 mortalium
1272 622 1372 688 opere
1395 622 1471 667 con·

333 693 471 753 ‘structa
493 692 714 773 praetereant,
736 687 818 753 haec
842 694 955 753 tamen
970 688 1119 753 aedificia
1135 708 1214 775 prae
1230 689 1349 754 ceteris
1366 690 1470 754 celer·

334 776 425 839 ‘rime
456 772 672 859 relinquenda
708 771 810 839 sunt’:
846 783 881 840 et
914 774 988 840 ideo
1016 795 1074 861 pro
1105 775 1252 860 reliquiis
1285 782 1471 839 sanctorum

334 861 460 925 nullum
493 860 640 924 laborem
675 858 797 925 debere
830 862 1011 947 suscipere,
1050 862 1126 946 quia
1161 862 1246 926 ultro
1280 863 1328 926 eis
1366 861 1471 926 sancti

293 946 492 1012 2Iohannis
538 945 725 1012 benedictio
767 946 963 1013 deferretur.
1023 947 1150 1013 interea
1190 947 1324 1012 beatum
1364 948 1470 1012 uirum
1501 965 1514 1004 ⁵

267 1060 271 1067 ·
335 1035 424 1098 ciues
455 1032 569 1119 oppidi
598 1033 771 1099 memorati
794 1034 988 1120 suppliciter
1010 1033 1177 1108 adierunt,
1205 1041 1242 1098 ut
1263 1053 1406 1120 pergens
1429 1032 1470 1099 ad

333 1119 523 1196 Febenum,
565 1117 735 1203 Rugorum
772 1121 973 1206 principem,
1012 1119 1180 1186 mercandi
1219 1121 1268 1185 eis
1306 1120 1471 1184 licentiam

337 1206 533 1292 postularet.
579 1206 697 1290 quibus
719 1207 805 1291 ipse:
830 1205 981 1292 ‘tempus’
1004 1207 1110 1292 inquit
1133 1206 1239 1271 ‘huius
1263 1206 1373 1293 oppidi
1395 1227 1469 1292 pro-

334 1290 1471 1464 {titillatltilletbithaleb?leil:ll·
1487 1394 1515 1435 1.

335 1465 486 1529 ‘cimonia
509 1462 700 1552 prouidere,
730 1466 788 1528 ubi
810 1466 897 1530 ultra
922 1486 988 1530 non
1009 1467 1132 1550 poterit
1159 1486 1319 1551 apparere
1344 1486 1470 1531 merca·

295 1549 313 1610 3
335 1549 431 1616 ‘tori’
454 1550 729 1637 respondentibus
744 1551 809 1616 illis
826 1573 892 1616 non
908 1573 944 1617 se
967 1551 1089 1617 debere
1113 1553 1288 1632 contemni,
1312 1551 1370 1616 sed
1392 1573 1471 1617 con-

224 1705 229 1717 ,
335 1643 429 1702 sueto
460 1637 627 1703 subleuari
655 1637 813 1722 regimine
846 1638 979 1723 quidam
1001 1638 1175 1725 presbyter
1202 1640 1286 1704 haec
1308 1637 1471 1704 diabolico

335 1724 450 1810 spiritu
464 1725 612 1810 repletus
629 1723 766 1788 adiecit:
790 1725 913 1810 perge,
937 1745 1071 1810 quaeso,
1095 1732 1220 1806 sancte,
1242 1746 1355 1811 perge,
1378 1727 1470 1790 uelo-

335 1810 439 1890 ‘citer,
461 1815 499 1874 ut
521 1816 576 1874 tuo
599 1809 746 1874 discessu
767 1830 945 1896 parumper
967 1831 987 1875 a
1008 1811 1139 1876 ieiuniis
1162 1818 1196 1876 ct
1217 1811 1340 1897 uigiliis
1362 1812 1516 1896 quies-1⁵

335 1893 480 1962 ‘camus’.
525 1915 589 1981 quo
613 1895 700 1961 dicto
722 1896 774 1960 uir
797 1896 852 1961 dei
872 1897 1015 1961 lacrimis
1043 1897 1245 1982 urguebatur
1272 1897 1470 1982 ingentibus,

335 1981 422 2068 quod
450 1983 484 2046 in
510 1983 682 2047 ridiculam
713 1983 895 2048 uanitatem
922 1984 1047 2048 cunctis
1076 1982 1286 2049 audientibus
1318 1982 1472 2048 sacerdos

335 2070 490 2154 eruperit.
542 2075 657 2155 aperta
689 2089 829 2153 namque
862 2071 1042 2134 scurrilitas
1071 2070 1243 2135 latentium
1279 2075 1328 2135 est
1355 2069 1471 2134 testifi-

335 2157 421 2220 catio
444 2153 648 2220 delictorum.
694 2162 827 2220 sanctus
855 2156 966 2242 itaque
994 2156 1046 2220 uir
1068 2176 1127 2221 cnr
1149 2156 1195 2219 ita
1216 2157 1310 2220 fleret
1332 2156 1471 2220 interro-

334 2247 431 2326 gatus
454 2262 474 2306 a
496 2241 666 2306 fratribus:
691 2239 809 2306 ‘uideo'
833 2242 939 2328 inquit
962 2243 1104 2328 ‘plagam
1126 2243 1354 2326 grauissimam
1375 2240 1470 2306 nobis
1488 2259 1515 2299 ro

336 2326 538 2392 ‘absentibus
559 2326 636 2392 huic
651 2328 722 2391 loco
738 2328 888 2414 protinus
904 2335 1106 2410 euenturam,
1128 2334 1162 2391 ct
1178 2327 1301 2393 Christi
1320 2327 1473 2408 sacraria,

333 2413 432 2499 ‘quod
459 2435 524 2478 non
551 2414 623 2478 sine
650 2415 774 2498 gemitu
806 2435 907 2500 cogor
928 2414 1120 2500 exprimere,
1147 2414 1291 2479 humano
1315 2414 1473 2499 sanguine

335 2499 576 2566 ‘redundabunt
598 2500 632 2564 in
653 2505 790 2581 tantum,
821 2507 858 2564 ut
880 2501 980 2565 etiam
1001 2502 1092 2565 locus
1119 2501 1183 2565 iste
1209 2500 1383 2565 uiolandus
1407 2497 1472 2564 sit’.

294 2588 410 2651 lnam
448 2588 482 2651 in
518 2585 712 2673 baptisterio
747 2587 954 2673 loquebatur.
1010 2585 1053 2651 ad
1087 2587 1257 2672 antiquum
1292 2588 1404 2672 itaque
1440 2592 1474 2650 et

336 2673 486 2738 omnibus
524 2674 630 2738 maius
667 2673 906 2738 monasterium
943 2694 1038 2737 suum
1073 2674 1167 2738 iuxta
1203 2694 1314 2738 muros
1359 2671 1469 2758 oppidi
1487 2685 1514 2726 ²⁵

334 2758 501 2840 Fauianis,
518 2758 603 2844 quod
620 2765 752 2824 centum
771 2766 805 2825 et
819 2761 907 2824 ultra
921 2759 1055 2824 milibus
1072 2759 1196 2837 aberat,
1219 2759 1364 2824 Danuuii
1379 2759 1473 2823 naui-

336 2846 469 2931 gatione
492 2844 675 2912 descendit.
713 2866 791 2910 mox
806 2846 908 2930 igitur
930 2866 970 2910 eo
992 2844 1215 2911 descendente
1230 2844 1473 2910 Hunumundus

359 2933 448 2997 aucis
470 2929 619 2998 barbaris
643 2933 816 2997 comitatus
840 2930 1013 3018 oppidum,
1035 2939 1073 2996 ut
1096 2939 1230 2997 sanctus
1253 2932 1473 3020 praedixerat,

334 2953 474 3083 dictonis
503 3018 626 3082 inuasit
654 3038 693 3081 ac
714 3039 822 3104 paene
846 3019 974 3083 cunctis
996 3020 1204 3084 mansoribus
1226 3019 1261 3084 in
1283 3039 1391 3084 messe
1414 3017 1473 3081 de·

335 3105 437 3170 tentis
460 3104 677 3190 quadraginta
698 3105 787 3169 uiros
811 3105 933 3192 oppidi,
956 3105 1012 3190 qui
1034 3105 1075 3170 ad
1099 3105 1282 3170 custodiam
1304 3124 1471 3170 remense·
1490 3117 1517 3157 ³⁰

295 3192 314 3251 5
337 3197 420 3273 rant,
449 3191 627 3256 interemit.
672 3190 769 3274 presb
794 3195 902 3256 terum
926 3210 1056 3277 quoque
1078 3192 1181 3272 illum,
1205 3193 1261 3278 qui
1282 3198 1349 3257 tam
1372 3189 1472 3254 saeri-

336 3278 413 3362 lega
443 3283 558 3341 contra
581 3276 740 3341 famulum
763 3212 887 3342 dhristi
916 3277 950 3341 in
971 3278 1164 3363 baptisterio
1186 3278 1293 3343 fuerat
1316 3279 1474 3356 elocutus,

421 3431 577 3500 runca).
595 3430 783 3498 rimaran).
803 3431 1003 3499 amianas
1020 3429 1153 3498 eosdm
1166 3431 1283 3497 auca).

423 3570 438 3623 1
456 3570 615 3640 proferebat]
638 3569 793 3639 TAMRVM,
812 3574 972 3642 praeferebat
988 3572 1013 3624 Ι.
1025 3571 1123 3638 ditm,
1140 3571 1318 3639 praeferebant
1335 3569 1367 3620 N
1430 3567 1474 3629 213

336 3642 516 3694 celeberrimae
533 3643 731 3709 relinquendum
742 3641 773 3692 K
851 3641 868 3694 3
885 3651 912 3695 et
922 3639 989 3709 ideo]
1002 3642 1079 3693 uideo
1090 3641 1123 3708 L,
1140 3642 1198 3692 ideo
1209 3639 1240 3691 K
1316 3637 1335 3690 4
1351 3639 1439 3692 deberi
1450 3639 1475 3690 L

370 3708 449 3778 ultro]
469 3711 558 3774 LSB,
576 3719 602 3763 et
615 3713 684 3763 ultro
696 3710 735 3762 ΙΙ
778 3731 784 3742 ’
817 3709 834 3762 5
852 3713 981 3763 deferetur
992 3711 1076 3762 LKN
1158 3708 1174 3761 7
1192 3705 1326 3776 sabanum]
1345 3708 1366 3759 I
1379 3706 1473 3776 (fabia-

336 3796 400 3832 num
417 3779 474 3844 L¹).
491 3780 616 3846 NARv',
638 3781 772 3833 lanienam
788 3777 861 3847 ΒΦ,
885 3782 1003 3833 iebanem
1020 3778 1079 3846 ΤΜ,
1096 3781 1218 3832 feuanem
1235 3777 1269 3831 S:
1293 3780 1328 3845 cf.
1339 3779 1419 3843 adp.
1431 3783 1475 3843 7,1

337 3847 371 3901 10
389 3847 548 3916 destitutum]
568 3850 660 3916 scripsi
685 3850 807 3902 destituto
825 3849 855 3916 1,
878 3851 1003 3903 destituta
1019 3849 1061 3902 H.
1072 3848 1120 3901 SR
1170 3849 1222 3901 loci
1239 3849 1264 3900 G
1350 3847 1383 3899 11
1401 3864 1474 3914 prae

336 3919 424 3970 uidere
442 3917 474 3968 N
555 3916 588 3969 12
606 3891 667 3986 illis]
691 3920 729 3970 eis
745 3918 780 3968 M
865 3917 898 3971 14
915 3917 1036 3987 repletus]
1059 3919 1152 3986 plenus
1169 3918 1205 3968 M
1256 3934 1336 3984 queso
1352 3933 1431 3984 perge
1451 3917 1475 3968 G

337 3985 371 4040 16
388 3984 466 4054 dicto]
491 3989 580 4040 audito
602 3988 638 4038 Μ
689 3985 813 4055 lacrimis]
839 4004 857 4039 a
873 3989 934 4042 lacr.
957 3989 997 4039 L*
1083 3986 1117 4040 18
1138 3989 1223 4108 erupit
1247 3987 1283 4053 θ,
1307 3994 1428 4052 eruperat
1449 3984 1475 4036 Β

335 4054 577 4178 Maddndediuiadd
588 4057 877 4193 ‹NhetdltdmexomNMut
898 4058 1043 4178 Neam&
1059 4057 1113 4179 idon
1135 4057 1183 4178 ord.
1208 4053 1296 4177 NNN]
1314 4054 1474 4176 florNdedid

336 4197 424 4248 lautus
441 4193 480 4244 A²
562 4193 597 4246 25
614 4195 674 4247 mai.
689 4213 756 4246 omn.
775 4194 801 4245 A
859 4213 936 4248 sunm
953 4213 1002 4247 om.
1020 4196 1052 4247 Μ
1131 4193 1166 4246 26
1182 4196 1283 4246 fanian-
1300 4210 1323 4244 o.
1335 4191 1373 4244 aa
1383 4208 1414 4257 p.
1424 4196 1476 4258 o,7

372 4265 462 4316 adem
474 4260 500 4314 A
586 4260 620 4315 27
638 4264 783 4316 discedente
798 4261 952 4316 OGSRM
1001 4265 1172 4317 unumundus
1183 4262 1219 4328 K,
1237 4263 1415 4314 hunimundus
1427 4261 1473 4328 L',

336 4334 515 4386 hcdamundus
526 4331 565 4397 Μ,
583 4333 775 4385 chunimundus
793 4329 968 4398 (ohumundus
980 4333 1053 4400 Bw)
1065 4332 1113 4386 SR
1192 4331 1228 4383 29
1244 4332 1346 4384 batams
1362 4331 1420 4383 cide
1437 4331 1475 4383 ool

331 4420 362 4469 p.
374 4406 399 4468 8,
409 4407 443 4455 34
490 4399 663 4467 mansoribus]
679 4401 835 4454 messoribus
846 4402 878 4453 K
956 4400 1035 4469 31132
1052 4402 1206 4470 sacrilegam
1219 4400 1252 4453 0¹
1332 4399 1367 4454 32
1383 4408 1475 4454 sonna

339 4490 387 4526 orn.
412 4471 448 4523 Τι
500 4473 553 4523 chr.
572 4473 634 4525 fam.
651 4471 684 4522 Μ
734 4472 837 4524 locutus
854 4470 909 4522 NA
1200 4487 1203 4492 ·
