3384 5142
633 385 669 440 11.
687 384 788 440 LIBRI
806 384 956 440 SORIPTI.
1326 383 1366 441 XI

316 557 413 622 Gesta
428 559 642 642 episcoporum
656 557 943 639 Neapolitanorum
957 556 1015 639 qui
1029 558 1159 642 scripsit
1171 578 1254 622 saec.
1278 557 1371 624 VIII
1429 619 1431 623 ,

226 645 355 726 finiente
367 644 415 711 oel
428 646 599 730 incipiente
606 643 714 711 VIIII
725 645 800 729 (scr.
812 665 873 709 rer.
886 645 1201 727 Laupobardicarum
1207 665 1243 724 p.
1256 646 1363 708 398-

226 733 306 817 435)
328 752 353 796 c.
371 735 413 794 11
430 737 560 813 praeter
581 752 628 810 ea,
650 751 732 814 quae
753 752 792 796 en
814 730 961 797 Seueriuo
975 752 1038 812 per
1058 731 1201 796 Paulum
1221 731 1364 808 adscivit,

226 820 331 900 ipsius
351 818 452 883 luins
472 819 555 883 citae
577 839 602 886 c.
618 821 671 885 40.
693 818 746 885 45.
768 821 812 882 46
833 817 994 901 expilant.

313 923 480 988 &manus
504 921 662 986 Laterani
682 920 818 1002 capituli
840 923 882 985 79
907 941 988 986 saec.
1002 920 1046 985 X.
1093 921 1253 1002 Quattuor
1277 917 1364 984 uolu-
1391 927 1416 978 L

226 1009 366 1076 minibus
384 1009 469 1091 quod
490 1013 613 1074 constat
634 1029 748 1090 corpus
769 1009 911 1072 citarum
931 1013 1114 1072 sauctorum
1136 1005 1364 1092 (praescripsit

225 1116 342 1160 omnus
355 1096 522 1160 recentior:
539 1099 589 1160 est
605 1095 819 1182 compositum
835 1115 855 1158 a
871 1093 1053 1159 Secundino
1069 1093 1223 1180 episcopo
1239 1093 1363 1157 Tauro·

226 1183 390 1247 meniteno
413 1188 562 1268 tempere
578 1183 680 1247 suncti
695 1181 846 1267 Gregorii
862 1179 994 1267 pupae),
1014 1181 1098 1244 lonc
1112 1180 1256 1245 Severini
1270 1179 1364 1244 labet

227 1268 321 1336 ooli
350 1269 529 1350 fiet—40.
574 1267 743 1348 Epi3tulae
771 1267 998 1349 Eupippianae
1026 1267 1280 1348 praescribitur:
1311 1265 1361 1328 in-

230 1355 309 1442 eipit
335 1356 490 1441 prologus
518 1353 559 1418 de
587 1355 654 1418 vitu
675 1354 729 1420 vel
755 1354 846 1418 obitu
874 1355 976 1418 sensti
999 1353 1163 1436 Severini,
1191 1352 1362 1417 subscribi-

228 1447 298 1506 tur:
332 1441 465 1527 explicit
497 1441 669 1527 prologus,
706 1441 863 1526 ineipiunt
906 1441 1061 1527 eupitule;
1097 1439 1154 1504 sed
1185 1461 1224 1504 eu
1256 1438 1362 1503 rubri-

226 1527 273 1590 cis
293 1547 359 1592 non
379 1527 469 1591 adest
489 1527 556 1591 nisi
570 1528 700 1608 mimae
713 1527 933 1609 principium:
956 1524 1116 1612 quomodo
1140 1574 1249 1592 .....
1273 1530 1361 1589 estu-

226 1614 270 1678 ris
299 1619 433 1679 vocetur
462 1620 496 1678 et
525 1620 664 1678 caetere.
709 1611 880 1694 Sequitur:
913 1615 1091 1699 expliciunt
1119 1612 1262 1698 capitula
1291 1609 1361 1698 [ex-

226 1701 299 1786 plic.
323 1701 390 1765 vite
412 1705 446 1765 et
468 1700 575 1764 obitus
597 1700 688 1764 beati
711 1699 867 1764 Severini.
911 1701 975 1764 inci
998 1701 1025 1764 it
1054 1700 1193 1786 epistola
1215 1697 1364 1763 Peskesii

227 1787 354 1851 diaconi
375 1786 418 1851 ed
439 1786 623 1872 Eugepium
638 1786 874 1872 presbyterum,
889 1787 941 1850 dei
1015 1785 1153 1867 epistula
1168 1781 1362 1872 Paschasii].

225 1871 351 1938 Deinde
379 1873 437 1938 sub
458 1872 551 1938 titulo
573 1871 623 1937 VI
641 1872 684 1937 id.
714 1873 783 1936 Ian.
810 1873 923 1960 incipit
944 1873 1011 1937 vitu
1034 1873 1087 1938 vel
1121 1872 1228 1937 obitus
1261 1871 1364 1936 saneti

227 1959 374 2026 Severini
403 1959 594 2025 confessoris
621 1960 688 2022 uita
707 1961 890 2040 perscruta
915 1965 962 2023 est
987 1959 1126 2023 rubricis
1147 1979 1248 2039 supra
1270 1958 1364 2034 omis-

225 2047 271 2110 sis
300 2046 345 2110 ad
376 2045 504 2128 sinpula
532 2046 676 2126 capitula
708 2045 882 2126 adscriptis
909 2044 1024 2110 litteris
1056 2045 1222 2122 miniatis,·
1253 2064 1365 2108 earum

226 2132 379 2197 decimam
393 2153 415 2197 a
430 2132 561 2197 librario
576 2133 724 2214 mnissam
739 2132 918 2196 emendator
933 2131 1250 2196 atramento'adiecit.
1281 2129 1363 2196 Sub

226 2219 356 2299 scriptio
378 2217 485 2297 nulla,·
507 2219 562 2283 sed
583 2239 665 2300 qnae
686 2238 786 2299 supra
809 2219 899 2282 intra
912 2220 937 2303 [
938 2219 963 2304 J
968 2219 1148 2300 posuimus,
1171 2238 1209 2282 ea
1230 2220 1365 2298 apparet

227 2307 264 2370 in
290 2305 455 2388 arcletppo
478 2305 595 2370 codicis
622 2310 795 2370 eatremum
825 2303 927 2370 locum
948 2307 1087 2369 tenuisse
1109 2303 1269 2368 translata
1290 2302 1365 2367 iude

226 2413 248 2455 a
269 2392 427 2456 Laterani
449 2390 580 2456 librario
601 2397 677 2473 post
704 2390 873 2472 epistulam
894 2391 1145 2474 Euprppianam.
1203 2389 1260 2454 Ad
1279 2389 1365 2454 bunc

227 2477 355 2556 librum,
376 2478 431 2541 sed
449 2499 572 2558 parum
594 2483 674 2542 recte
701 2478 893 2557 adhibitum,
915 2480 1014 2542 odam
1041 2478 1140 2542 edidit
1160 2476 1203 2545 A„
1226 2475 1365 2541 Kerscl·

226 2565 355 2630 baumer
377 2583 408 2630 a.
424 2566 517 2628 1862.
562 2563 740 2646 Dilipenter
760 2585 831 2629 eum
849 2564 982 2629 contulit
996 2563 1135 2648 Sauppii
1156 2583 1255 2627 causa
1270 2562 1366 2644 Hupo

227 2649 350 2728 Hinclr;
370 2651 544 2732 recopnooit
566 2649 744 2717 Knoellins.

315 2751 517 2820 Subletcensis
537 2755 608 2817 u.2
629 2774 708 2818 saec.
723 2752 782 2818 XI
798 2753 857 2817 sub
879 2752 971 2817 titulo
992 2759 1050 2817 net
1078 2751 1226 2818 Severini
1251 2751 1364 2838 incipit
1389 2764 1424 2817 K

227 2840 380 2925 prologus
410 2839 502 2903 labet
527 2838 695 2920 epistulam
722 2840 895 2921 Eupippii,
918 2839 1031 2904 deiude
1056 2839 1114 2904 sub
1137 2839 1230 2904 titulo
1250 2840 1363 2925 incipit

225 2927 293 2990 vite
321 2925 391 2990 eius
417 2925 516 2990 vitam
538 2925 765 3006 subscriptione
786 2925 894 3005 nulla,·
922 2926 1069 2990 rubricae
1091 2926 1208 2990 absunt
1228 2927 1363 3008 itemque

227 3011 364 3093 epistula
385 3010 565 3076 Pascbasii.
610 3011 778 3077 Praecedit
792 3013 905 3093 passio
926 3014 1031 3076 sancti
1049 3012 1232 3091 Cornordii;
1258 3013 1363 3094 seped-

227 3104 281 3161 tur
310 3098 420 3178 passio
453 3103 634 3162 sanctornm
663 3097 790 3163 Iuliani
818 3104 849 3162 et
874 3098 1063 3165 Basdissae.
1113 3099 1321 3181 Marpimbus
1341 3120 1363 3162 a

226 3183 396 3265 bibliopepa
421 3183 580 3248 mutilatis
607 3183 721 3248 desum
750 3187 839 3262 13,7
865 3205 958 3250 secus
981 3235 989 3249 .
1012 3235 1021 3253 .
1043 3236 1051 3252 .
1074 3191 1184 3271 portos
1213 3191 1242 3250 et
1270 3188 1359 3263 144

227 3271 281 3336 dei
297 3319 304 3335 .
322 3319 329 3334 .
346 3318 354 3334 .
371 3270 390 3333 5
407 3271 560 3335 ciborum.
593 3269 734 3336 Contulit
749 3270 865 3335 librum
879 3291 945 3336 meo
959 3272 1052 3336 iussn
1066 3272 1228 3337 Iolonnes
1242 3272 1361 3336 Lucas.

235 3438 238 3444 ,
316 3372 453 3438 Casinas
475 3374 537 3437 145
558 3395 638 3440 saec.
654 3373 714 3437 XI
730 3373 899 3457 (specimen
919 3375 1099 3456 scripturae
1120 3376 1178 3440 dat
1199 3373 1362 3456 catalopus
1393 3385 1416 3438 0

226 3459 344 3537 editus)
376 3461 461 3524 iuter
492 3461 575 3524 oitas
611 3465 807 3539 sanctornm,
844 3481 927 3542 pnas
962 3462 1124 3544 catalopns
1158 3462 1190 3525 is
1225 3468 1363 3527 recenset

227 3545 320 3612 ool3
339 3567 376 3628 p.
391 3546 528 3627 2853ep.
555 3548 692 3612 continet
724 3547 807 3611 lianc
840 3554 993 3614 nostram.
1051 3547 1192 3613 Contulit
1221 3570 1291 3613 eam
1325 3548 1363 3613 in

226 3653 321 3696 nsum
346 3631 489 3697 Knoellii
519 3631 653 3698 Carolus
683 3632 871 3714 Hofmann,·
896 3656 966 3699 mea
999 3655 1098 3699 causa
1131 3634 1176 3698 ad
1206 3635 1363 3715 specimen

226 3717 327 3781 solum
348 3718 417 3784 Iole.
439 3719 558 3783 Lucas.
601 3719 770 3800 Epislulae
792 3720 1020 3803 Eupippianae
1038 3721 1291 3801 praescribitur:
1312 3723 1362 3786 in·

228 3820 305 3906 cipit
321 3821 458 3907 epistole
472 3821 614 3910 Eugepii
634 3809 707 3909 ffir
729 3823 773 3888 ud
794 3824 1004 3889 Paschasium
1034 3823 1204 3889 diaconum
1232 3823 1273 3889 de
1295 3825 1363 3891 vitu

229 3913 262 3971 et
284 3908 444 3972 miraculis
468 3911 570 3974 suncti
593 3909 755 3992 Severini,
777 3911 1002 3975 subscribitur:
1033 3931 1076 3975 ex
1099 3911 1167 3976 licit
1196 3913 1361 3998 prologus,

228 3995 369 4081 capitula
391 3994 525 4060 dimitte.
560 3994 743 4078 Sequuntur
772 3997 874 4062 nileilo
901 3998 1009 4062 miuus
1117 3997 1185 4063 icae
1213 3999 1282 4063 sine
1310 3999 1362 4063 in·

226 4081 405 4162 scriptione,
420 4081 649 4162 subscriptum:
673 4084 851 4170 expliciunt
866 4084 1016 4169 capitula.
1058 4083 1159 4149 Vitae.
1165 4086 1362 4165 praescribi-

227 4173 299 4232 tur:
320 4167 388 4233 vite
408 4168 461 4232 vel
485 4167 592 4232 obitus
607 4171 709 4234 sensti
723 4169 870 4236 Severini
886 4171 1088 4236 confessoris.
1132 4171 1230 4236 lectio
1245 4173 1360 4258 prime,

226 4254 459 4336 subscriptum:
483 4255 630 4338 explicit3
653 4255 786 4338 denique
801 4257 937 4338 epistula
952 4263 998 4323 est
1012 4256 1183 4322 Pasclvasci
1196 4259 1255 4323 sub
1262 4280 1362 4341 prae-

226 4343 343 4422 scripto
353 4341 464 4427 insipit
476 4341 615 4427 epistole
626 4341 792 4407 Paschasii
808 4343 935 4410 diaconi
950 4345 1107 4431 rescripte
1122 4344 1166 4410 ed
1176 4345 1362 4432 Eugepium
