3384 5142
333 450 368 504 58
658 453 809 504 EVGIPPII
826 451 910 502 VITA
927 451 952 503 S.
970 451 1135 502 SEVERINL

182 624 412 694 1.1³0tr.r,rritas
444 624 542 689 latius
570 624 791 688 innotescens:
827 620 962 703 ‘forma’,
991 622 1107 707 inquit,
1137 621 1253 686 ‘estote
1282 619 1395 706 gregi,
1430 626 1464 686 ct

178 734 196 771 1.
204 725 260 770 um.
269 730 290 780 4,
298 711 448 776 rabeatus
480 711 603 775 Paulus
629 709 800 775 Timotheo
833 710 1008 795 praecipit:
1043 709 1158 773 ‘forma
1189 713 1259 773 esto
1289 707 1462 777 fidelibus’.

331 796 417 862 unde
443 797 531 863 idem
555 798 723 882 apostolus
748 798 906 861 iustorum
934 796 1118 881 catalogum
1146 816 1272 860 summa
1298 794 1462 861 breuitate

219 898 287 941 neor.
297 903 321 942 n
332 890 511 950 contexens
535 884 576 948 ab
599 882 684 948 Abel
706 883 865 970 incipiens
892 883 1069 968 insignium
1091 882 1234 947 uirorum
1257 881 1364 967 pergit
1385 902 1461 946 nar-

117 965 245 1074 ruffi
290 974 309 1034 5
330 992 403 1036 rare
424 972 574 1037 uirtutes.
606 970 653 1035 sic
677 976 710 1035 et
724 970 779 1035 ille
802 969 1010 1035 fidelissimus
1025 969 1203 1033 Matathias
1226 969 1323 1038 morti
1344 968 1461 1054 glorio·
1491 991 1503 1030 a

330 1058 477 1123 sissimae
499 1058 564 1121 iam
586 1057 806 1143 propinquans
829 1056 904 1121 liliis
928 1057 996 1121 suis
1018 1055 1215 1121 hereditario
1237 1054 1308 1120 iure
1331 1061 1461 1121 sancto-

328 1165 400 1209 rum
434 1143 586 1230 exempla
616 1142 793 1223 distribuit,
828 1163 964 1228 quorum
999 1141 1231 1207 certaminibus
1264 1141 1461 1208 admirandis

329 1230 490 1296 celebrius
507 1229 641 1296 excitati
656 1229 781 1296 animas
797 1251 874 1295 suas
889 1251 948 1316 pro
964 1229 1091 1314 legibus
1111 1229 1319 1315 sempiternis
1342 1230 1461 1294 sancti-

329 1318 405 1383 tatis
428 1318 557 1382 feruore
581 1322 838 1382 contemnerent.
882 1337 945 1382 nec
967 1322 1104 1403 patema
1129 1317 1249 1393 liberos
1271 1315 1390 1383 fefellit
1410 1317 1460 1381 in-

329 1405 479 1479 structio;
503 1409 629 1468 tantum
654 1404 740 1469 enim
762 1404 956 1489 profuerunt
977 1403 1167 1468 memoratis
1189 1403 1278 1467 iacta
1292 1403 1460 1485 maiorum,
1479 1420 1504 1459 1⁰

326 1497 363 1556 ut
379 1491 583 1577 apertissima
597 1488 661 1554 fide
675 1496 817 1555 armatos
830 1491 992 1577 principes
1003 1489 1217 1569 deterrerent,
1234 1496 1341 1555 castra
1357 1491 1457 1555 sacri-

327 1578 403 1663 lega
419 1582 622 1663 superarent,
646 1578 752 1642 cultus
769 1597 907 1662 arasque
923 1576 1132 1641 daemonicas
1148 1577 1245 1661 longe
1261 1577 1393 1661 lateque
1411 1576 1459 1641 di-

326 1670 459 1730 ruerent
475 1665 678 1749 eiuioamque
695 1684 845 1728 coronam
861 1664 957 1728 sertis
973 1663 1119 1729 decorati
1133 1663 1333 1750 perennibus
1349 1664 1459 1750 splen-

286 1752 305 1814 6
328 1749 418 1816 denti
440 1751 565 1836 patriae
588 1748 807 1837 prodiderant.
851 1750 939 1814 unde
962 1755 994 1814 et
1016 1771 1076 1815 nos
1100 1751 1297 1815 ornamentis
1320 1771 1459 1837 sponsae

328 1836 450 1907 Christi
466 1837 618 1923 quiddam
635 1837 777 1902 fraterno
801 1837 984 1901 ministerio
999 1836 1164 1922 prouideri
1179 1837 1371 1922 gaudemus,
1394 1859 1461 1902 non
1478 1857 1503 1898 a

327 1923 413 2010 quod
435 1924 521 2006 ullis,
543 1929 581 1988 ut
603 1923 710 2004 credo,
739 1924 941 2011 temporibus
965 1922 1105 1989 defuerit
1126 1924 1242 1990 clarior
1264 1924 1333 1989 uita
1355 1924 1459 1989 maio-

325 2031 407 2092 rum,
432 2010 491 2076 scd
513 2009 598 2096 quod
622 2008 752 2074 domum
774 2012 885 2096 magni
909 2012 996 2096 regis
1019 2011 1230 2097 plurimorum
1245 2011 1369 2076 uexilla
1391 2017 1458 2076 tro-

347 2097 505 2162 haeorum
527 2097 650 2162 habere
675 2099 862 2166 conueniat.
904 2119 970 2163 non
997 2097 1084 2161 enim
1115 2118 1196 2162 uera
1217 2099 1323 2163 uirtus
1346 2099 1458 2162 exclu-

325 2120 414 2248 ditur
435 2184 671 2250 numerositate
693 2185 862 2267 uirtutum,
885 2184 944 2250 sed
967 2185 1087 2271 optatis
1104 2184 1307 2250 successibus
1324 2190 1459 2251 eatenus

325 2270 510 2358 ampliatur.
1180 2352 1184 2359 Ι
1476 2289 1503 2330 ao
1655 2295 1681 2410 p

408 2457 537 2528 ruse).
556 2457 713 2529 Istron).
731 2458 833 2530 arvam
842 2458 959 2528 acca).

409 2629 427 2684 2
444 2633 573 2700 praecepit
589 2632 615 2684 Β
658 2630 722 2700 esto]
741 2640 822 2686 estote
833 2631 875 2684 A·
959 2631 977 2686 3
993 2633 1146 2700 katalogum
1157 2634 1197 2685 La
1275 2631 1293 2684 4
1309 2631 1459 2702 contexens]

323 2719 345 2754 c.
369 2708 395 2753 st
415 2701 439 2752 L
485 2703 536 2753 insi
572 2719 616 2753 um
640 2701 667 2752 T
729 2701 817 2755 benis
833 2703 932 2755 filine
1001 2701 1170 2772 8celebrius]
1189 2703 1335 2756 celerinsR
1352 2703 1459 2770 Sauppe

323 2770 355 2824 11
374 2719 585 2838 81)ωῇεεὶωῇ
594 2771 626 2835 Β,
645 2778 733 2839 aperta
747 2771 785 2824 ΙΙ
869 2770 1098 2825 meromontem
1115 2772 1141 2823 R
1227 2771 1460 2839 morantemque

328 2837 414 2907 mbr
467 2838 552 2908 sertis]
569 2841 635 2906 La,
653 2841 733 2908 gestis
749 2842 789 2893 11
870 2839 905 2892 14
921 2842 1055 2909 prouidere
1075 2841 1120 2894 OG
1206 2839 1239 2893 15
1256 2843 1416 2908 gaudeamus
1436 2842 1460 2894 G

323 2909 358 2962 16
375 2907 453 2977 quod]
472 2909 527 2974 LO,
545 2928 597 2978 quo
617 2911 696 2962 (all
744 2908 814 2978 ullis]
832 2912 885 2962 illis
902 2911 927 2962 L
1002 2908 1037 2962 20
1048 2919 1112 2976 poet
1127 2911 1266 2978 ampliatur
1283 2912 1346 2963 add„
1363 2913 1460 2966 miseri·

323 2979 411 3032 cordia
428 2979 469 3032 dei
486 2981 567 3032 nostri
584 2981 749 3034 sanctitatem
766 2989 879 3033 nesbam
897 2997 997 3048 semper
1013 2988 1118 3033 tueatur
1134 2981 1281 3034 incolumen
1297 2981 1323 3032 L
1343 3013 1348 3019 -
