3384 5142
596 422 631 478 II.
650 421 751 476 LIBRI
767 420 918 476 SCRIPTI.

345 597 398 672 49,
413 597 457 658 36
477 594 570 658 nonis
592 632 630 644 -
658 594 709 672 50,
725 595 768 657 19
790 592 952 658 custodiro

347 679 457 759 51,19
478 685 553 767 post
575 717 617 728 -
640 679 692 758 55,
707 679 801 763 15616
822 678 984 744 reddebat

348 766 710 844 55,1om0nasterium
734 801 769 812 -
795 765 886 844 56,2
907 786 1012 831 amon.

285 852 534 918 Vindobanensis
560 873 593 916 n.
614 853 679 917 329
707 872 787 916 saec.
805 852 886 917 XII
912 850 1066 934 oeroerrtis
1093 851 1334 934 (dubitaverant
1349 864 1384 914 m

184 939 287 1021 periti
321 939 359 1004 66
392 944 507 1018 aetate,
534 939 590 1003 sed
617 937 696 1003 libro
724 938 889 1021 6666666666
918 938 1115 1003 6666666666
1147 937 1333 1003 Theodorus

196 1025 332 1091 Gottbieb
356 1025 611 1091 bibliothecarios
632 1025 788 1089 indicavit
814 1046 886 1090 enm
914 1025 984 1089 eins
1012 1043 1104 1105 quem
1125 1024 1196 1089 6666
1217 1025 1333 1088 6666666

194 1115 273 1189 esse)
292 1113 441 1193 scriptas,
459 1117 497 1176 nt
510 1112 644 1189 oidetnr,
667 1112 704 1175 in
716 1111 828 1190 Italia,
845 1131 929 1193 pars
950 1115 996 1175 eat
1010 1109 1212 1174 Passionabie
1233 1111 1332 1175 maio-

190 1200 256 1276 ris,·
278 1197 399 1262 scilieet
420 1197 501 1279 66666
522 1198 653 1262 sedecim
674 1199 925 1262 numerationem
950 1197 1150 1261 vetustiorem
1177 1197 1334 1278 duplicem

190 1284 318 1362 habent,
340 1283 475 1348 atteram
494 1303 594 1348 mann
608 1304 688 1348 saec.
703 1283 774 1348 XV
791 1283 881 1366 fabiis
902 1303 936 1348 66
958 1289 1092 1363 tempore
1120 1284 1332 1363 tranensem,

192 1370 329 1434 atteram
344 1390 445 1434 monn
466 1390 545 1434 saer.
562 1368 657 1433 XVI
667 1369 715 1433 666
728 1367 840 1435 XVII
859 1375 942 1434 reoto
963 1370 1073 1434 ordino
1093 1371 1255 1448 restituto;
1275 1368 1334 1434 iiia

192 1476 342 1520 nnmeros
357 1456 644 1522 66666181-192.
668 1459 742 1522 176.
765 1459 947 1533 176-186,
968 1455 1045 1520 haee
1064 1455 1333 1521 6666666175-

193 1544 268 1605 196.
325 1541 396 1606 Η66
430 1547 476 1606 est
504 1542 590 1623 qnod
621 1540 769 1606 adhibuit
800 1541 1007 1625 Woifoanoae
1036 1541 1158 1607 Larim
1187 1542 1334 1626 (Vienna

193 1627 279 1691 1546
309 1627 370 1692 hl
399 1631 462 1692 64
483 1629 672 1711 615666.)
706 1627 849 1693 Severini
875 1629 1026 1693 historiae
1049 1629 1210 1693 ‘vetustius
1231 1649 1333 1694 enem-

185 1714 282 1796 66666
313 1715 350 1778 66
373 1734 564 1797 6666666666
586 1720 660 1778 ante
682 1714 830 1779 66666666
855 1715 923 1796 fere
943 1735 1045 1779 annos
1064 1716 1237 1796 seriptum&
1258 1736 1335 1780 nom

192 1800 278 1883 qnod
302 1802 352 1864 ait
374 1803 411 1865 in
433 1821 468 1866 eo
491 1800 569 1865 bibra
591 1821 692 1865 mann
719 1802 857 1882 antiqno
882 1801 927 1865 ad
953 1802 1127 1882 marainem
1148 1801 1336 1866 adnotatum

192 1908 260 1952 esse
284 1885 454 1952 Wiennam
476 1891 611 1968 66666666
632 1888 739 1951 saneti
760 1887 905 1952 Severini
924 1893 1068 1952 ooootonn
1089 1908 1153 1951 esse
1174 1887 1335 1965 Fabiana,

192 1975 411 2056 intemooatas
436 1993 458 2036 6
488 1994 537 2038 me
564 1974 728 2054 resarimsit
752 1972 941 2038 Gotttiebias
968 1973 1096 2038 totidem
1120 1973 1222 2038 verbis
1243 1975 1280 2038 in
1301 1994 1336 2039 66

193 2060 275 2125 libro
298 2060 435 2140 reperiri
449 2060 646 2139 6666666666
661 2080 762 2124 mann
775 2080 857 2125 6666.
872 2059 949 2124 XV.
993 2059 1161 2124 Praecedit
1181 2060 1218 2124 in
1233 2060 1336 2125 666666

191 2147 260 2210 oita
288 2151 417 2211 sanotae
442 2145 622 2224 Columbae,
650 2147 796 2228 seqnitur
821 2147 889 2210 nita
909 2144 1011 2210 Ponti
1032 2146 1137 2228 primi
1157 2145 1334 2211 heremitae.

191 2233 248 2298 En
278 2231 336 2297 hoo
364 2233 476 2312 opinor
504 2233 608 2298 666666
634 2233 810 2314 descendas
841 2237 888 2297 est
913 2233 1102 2296 adservatae
1123 2230 1336 2298 Sehtierbaohi

191 2321 293 2384 627
323 2317 382 2403 (66.
401 2319 511 2384 Xenia
536 2319 748 2383 Bernardina
775 2318 833 2384 666.
854 2321 877 2383 2
907 2340 940 2401 p.
962 2320 1042 2398 491)
1073 2320 1250 2399 imoriptns
1271 2321 1336 2384 ita:

193 2406 234 2470 de
271 2412 382 2470 666666
348 2405 574 2471 6666666666
606 2406 671 2470 1666
658 2406 755 2488 6666,
791 2425 875 2491 quae
897 2405 1085 2470 Viennae
1077 2427 1110 2469 1n
1137 2405 1237 2470 biblio
1239 2407 1336 2471 theon

194 2491 393 2556 archiduoali
429 2496 520 2556 extat
558 2493 592 2557 in
634 2492 831 2556 membranis
870 2491 1046 2578 (16666666
1085 2512 1182 2577 quam
1217 2492 1335 2557 Lanius

192 2579 259 2642 1666
245 2579 363 2642 toriam
379 2577 578 2642 Herulorum
593 2578 748 2730 11666666
762 2579 920 2643 nominat:
945 2600 989 2643 ex
1009 2579 1065 2643 illo
1089 2579 1220 2664 antiquo
1244 2600 1335 2644 oura-

193 2665 252 2729 bat
277 2663 655 2730 desoribia.162510h

281 2750 423 2814 Aderant
410 2751 507 2815 tensis
531 2751 645 2834 616
640 2753 815 2815 .98-105
844 2771 925 2815 roeo.
941 2751 1009 2829 XI,
1041 2751 1175 2815 oottatns
1208 2750 1281 2816 oiim
1314 2772 1336 2815 6
1353 2770 1388 2820 aa

200 2836 441 2902 Wattenbaehio
463 2835 495 2920 (6
494 2839 518 2917 6.
543 2836 638 2902 Perta
659 2838 781 2902 Arabio
802 2840 854 2914 10,
871 2837 959 2920 631).
1002 2838 1075 2919 Ipse
1095 2858 1161 2902 non
1180 2838 1257 2902 aidi

288 2921 466 2988 Vaticanus
488 2925 573 2987 6073
605 2943 685 2988 saee.
704 2924 804 2989 XIII
831 2887 1014 3003 ihor'nrientis
1044 2924 1071 3005 6.
1090 2927 1206 3005 44666.
1237 2925 1336 2989 oitam
1354 2932 1389 2980 27

195 3008 279 3072 hone
301 3008 394 3073 habet
381 3010 537 3093 tinserip
537 3014 604 3074 tom
624 3011 737 3094 inoipit
752 3012 820 3074 vita
799 3010 945 3073 6666661
966 3008 1114 3074 Severini
1133 3009 1335 3093 aoniessoris,

194 3095 345 3174 deliniens
367 3095 445 3160 libro
459 3096 527 3179 i'pso
543 3097 663 3177 inteoro
671 3117 708 3177 p.
724 3099 776 3175 44,
787 3093 838 3180 8)9
853 3095 973 3160 domini
989 3095 1073 3161 1666.
1113 3096 1254 3162 06666661
1269 3118 1335 3162 meo

195 3183 287 3246 insen
303 3181 464 3246 Iohannes
477 3183 587 3246 Ineoas
602 3183 776 3264 intoornm;
797 3201 850 3262 eoo
872 3202 942 3246 enm
964 3182 1009 3245 ad
1022 3185 1176 3263 specimen
1190 3187 1259 3248 tam
1275 3183 1336 3247 oti-

195 3268 319 3349 quaties
340 3273 433 3332 entra
454 3269 596 3333 ordinem
619 3267 734 3333 libram
756 3267 908 3348 66666666.

282 3353 376 3418 Sarii
397 3355 493 3419 eaden
514 3355 696 3436 deperditas
716 3354 801 3435 (6666
822 3353 916 3438 infra
929 3374 966 3434 p.
982 3352 1107 3430 XXV).
1354 3372 1388 3421 68

290 3439 426 3505 Venetas
454 3441 649 3504 Marcianus
677 3439 751 3505 Lat
768 3442 995 3524 9,28(--21,
1009 3441 1074 3504 117
1101 3440 1159 3504 666.
1180 3440 1200 3502 5
1222 3461 1258 3521 p.
1272 3442 1337 3505 269

196 3525 288 3624 6666
310 3524 581 3626 Valentinotiiam)
603 3548 683 3591 saeo.
699 3527 779 3592 XII
793 3528 817 3609 6.
835 3527 964 3591 76-79
978 3528 1064 3591 inter
1077 3527 1176 3628 oitam
1178 3526 1336 3677 tHilario

197 3613 252 3675 nis
265 3614 412 3678 monaehi
426 3619 456 3678 et
466 3614 648 3694 passionem
666 3613 811 3678 Orisami
824 3614 883 3679 sab
898 3615 938 3676 tit
924 3612 1021 3678 tato
1013 3614 1177 3697 rnoipitvr
1145 3615 1338 3679 vltasanoti

198 3695 352 3763 Severini
376 3700 568 3764 6661666666
581 3700 674 3764 habet
695 3701 765 3764 eins
778 3701 979 3780 principiam
994 3700 1111 3779 finiens
1123 3698 1202 3765 libro
1217 3701 1338 3782 inteoro

193 3785 298 3865 neo,
316 3786 399 3848 16
385 3806 421 3850 m
452 3787 553 3851 oerbis
578 3787 703 3850 maiora
726 3786 884 3850 66666666
910 3786 1050 3850 snbieeta
1076 3783 1224 3850 otaasnia
1244 3787 1337 3851 16666

198 3833 347 3933 (11166666
372 3870 519 3936 dominus
541 3879 652 3937 nostor
675 3873 726 3936 oui
749 3878 798 3936 666
784 3873 925 3937 thonor
954 3877 989 3935 66
1010 3872 1114 3957 gloria
1135 3893 1195 3958 per
1215 3873 1339 3939 infinita

198 3956 312 4020 666616
335 3959 517 4022 seculorum
540 3979 636 4024 amen
658 3959 713 4042 (66.
728 3978 766 4038 p
781 3956 894 4037 561
938 3957 1084 4022 Η666666
1108 3957 1253 4039 familiae
1274 3981 1340 4025 esse

197 4046 237 4106 at
261 4047 342 4106 eerto
366 4043 609 4124 deprehenditur
631 4043 675 4144 (6.
688 4066 714 4109 6.
737 4044 829 4109 habet
850 3962 901 4123 11,
917 4048 939 4107 3
960 4064 1012 4108 666
1033 4044 1248 4110 turbabantur
1269 4066 1338 4110 am-

200 4128 329 4213 bigue),
355 4130 404 4195 ita
424 4150 544 4194 errores
558 4131 689 4212 proprii
709 4131 835 4212 passim
860 4130 1065 4212 reperiantur
1086 4131 1138 4216 (nt
1100 4133 1272 4198 66666666
1293 4137 1340 4196 666

201 4222 379 4300 ceteraque
403 4237 463 4302 per
483 4218 556 4282 1666
579 4222 613 4282 66
634 4217 800 4302 confinia),
823 4237 923 4298 neqne
944 4237 1056 4297 operae
1069 4219 1213 4298 pretinm
1233 4220 1338 4284 visam

202 4306 252 4466 666
278 4322 360 4383 qnae
391 4304 466 4368 inde
495 4302 575 4367 mihi
602 4304 740 4368 enotooit
765 4303 905 4384 Adotfas
930 4303 1086 4368 Hamaoh
1114 4305 1152 4369 in
1176 4326 1338 4370 recensum

195 4407 231 4450 re
246 4409 322 4454 erre.

248 4487 397 4546 11666666.
1085 4555 1094 4572 ⁰
1157 4493 1184 4547 II

736 2670 903 2729 rtmannus
924 2666 945 2730 1.
960 2665 1041 2729 baro
1063 2665 1263 2729 Enenkilius.
