3384 5142
358 427 451 483 XXVI
525 426 749 483 PROOEMIVM
766 426 816 480 AD
833 425 996 480 EVGIPPII
1015 425 1133 481 VITAM
1151 424 1331 481 SEVERINI.

360 601 552 685 Mipnionae
562 599 759 685 patrolopiae
772 599 913 665 Latinae
926 598 1081 664 volumini
1096 599 1139 662 62
1157 599 1274 683 (1863)
1291 619 1326 679 p.
1343 601 1430 663 1167
1438 619 1499 680 seq.

447 689 513 752 vito
535 693 566 752 et
580 687 738 769 Erepiprpii
751 686 883 768 epistota
905 687 1041 751 insertae
1062 691 1147 763 sunt,
1163 685 1387 750 Paschasiano
1400 684 1501 750 eidem

447 774 599 840 volumini
612 794 650 855 p.
666 775 719 838 39.
768 773 937 854 Expressit
964 773 1172 839 recensionem
1198 771 1497 836 Bottandmnorum.

303 875 306 882 ¹
360 885 520 951 Iobannes
530 882 1370 967 FriedrichKirebenpescbicbteDeutscbbmdsvot.1
1382 883 1498 966 (1867)

444 993 477 1053 p.
494 973 666 1035 431-489
699 971 846 1036 adhibuit
874 976 1005 1052 praeter
1037 971 1190 1035 editiones
1223 969 1318 1035 tebras
1346 974 1500 1052 αυαέέυυν

446 1058 656 1123 Monacenscs
678 1061 772 1122 1044.
796 1057 893 1122 3595.
916 1060 1034 1124 12104.
1060 1056 1177 1121 18512.

359 1168 543 1235 Lndovicus
565 1169 750 1235 Betbmann
771 1168 893 1234 Pertaii
919 1170 1012 1233 iussu
1034 1168 1133 1233 buius
1154 1169 1239 1232 vitae
1259 1168 1297 1231 in
1316 1186 1498 1232 monumen-

448 1257 491 1320 tis
515 1256 717 1322 Germanicis
738 1256 877 1321 edendae
898 1276 979 1320 cura
1000 1260 1147 1336 suscepta
1173 1259 1370 1336 apparatum
1391 1253 1499 1318 incbo

446 1343 514 1407 avit
529 1364 591 1423 per
612 1344 732 1406 itinera
751 1343 846 1406 varra
872 1343 1009 1406 maciaco
1037 1341 1159 1406 Itotica
1186 1341 1346 1406 codicibus
1367 1339 1499 1422 ditipen·

446 1429 565 1494 tissime
587 1429 789 1510 conquisitis,
816 1429 910 1493 varia
939 1427 1068 1492 tectione
1090 1426 1318 1512 perfunctoria
1339 1446 1435 1506 opera
1456 1425 1501 1489 ad

446 1514 537 1581 Perii
571 1517 738 1581 edit-ionem
778 1515 958 1595 composita.
1020 1515 1286 1596 Indapatiombus
1324 1512 1391 1577 iltis
1424 1516 1501 1593 post

448 1601 632 1686 Sauppium
653 1622 706 1684 epo
727 1623 808 1666 usus
828 1622 900 1665 sum
922 1621 995 1665 cum
1012 1600 1137 1686 fructu.

361 1703 472 1770 Herm.
496 1704 633 1786 Sauppe,
656 1705 815 1787 Eapippii
834 1705 902 1769 vito
922 1704 1029 1768 sancti
1050 1704 1204 1770 Severini.
1241 1701 1390 1768 Beroiini
1404 1704 1498 1766 1877.

446 1791 559 1856 Editio
580 1791 658 1856 baec
675 1791 819 1857 volumen
833 1797 880 1856 est
893 1791 1041 1872 primam
1062 1791 1204 1872 corporis
1223 1793 1393 1854 anctorum
1413 1789 1500 1853 anti-

448 1878 674 1959 quissimmum
691 1880 884 1944 insertorum
901 1878 1112 1942 monumentis
1130 1876 1324 1942 Germaniae
1337 1874 1501 1940 historicis

445 1966 571 2030 nostris.

360 2067 445 2133 Pius
459 2065 584 2144 Knoell,
602 2065 761 2149 Eupvppii
780 2068 847 2129 vita
861 2066 967 2129 sancti
982 2065 1134 2131 Severini.
1186 2064 1389 2130 Vindobonae
1406 2065 1499 2130 1886.

447 2151 537 2217 Haec
559 2153 655 2217 editio
675 2173 755 2234 pars
777 2157 823 2216 est
844 2151 947 2216 attero
969 2173 1098 2237 operum
1112 2151 1270 2235 Ervpvppii
1285 2152 1441 2217 editorum
1463 2151 1502 2214 in

447 2259 574 2322 corpore
608 2238 840 2303 Vindobonensi
873 2239 1065 2320 scriptorum
1094 2239 1374 2304 ecclesiasticorum
1407 2235 1500 2300 Loti-

447 2345 571 2390 norum.
623 2325 713 2389 Idem
739 2325 778 2389 de
804 2324 947 2389 codicum
973 2324 1078 2390 indole
1104 2330 1134 2389 et
1159 2326 1314 2407 dipnitate
1338 2324 1410 2405 fuse
1435 2322 1501 2387 dis·

449 2413 550 2476 seruit
576 2411 614 2475 in
639 2412 861 2476 commentario
885 2411 945 2475 ‘die
966 2410 1425 2492 Handscbriftcnverbdttnisse
1446 2409 1503 2473 der

449 2499 516 2562 vita
545 2519 570 2564 s.
599 2496 740 2562 Severini
767 2497 821 2561 des
847 2497 1039 2579 Eupeppius’
1069 2499 1188 2563 inserto
1217 2499 1299 2562 actis
1327 2496 1503 2562 minoribns

450 2583 632 2650 academiae
655 2584 904 2650 Vindobonensis
924 2584 982 2650 vot.
999 2585 1040 2648 95
1062 2587 1178 2669 (1880)
1195 2605 1231 2668 p.
1246 2584 1428 2648 445-498.

576 2865 657 2938 ΙΙΙ.
691 2861 998 2939 APPARATVS
1022 2865 1283 2938 ORITERIA.

449 3012 526 3079 Duo
547 3015 620 3093 viri,
643 3019 680 3079 ut
701 3014 792 3079 modo
813 3015 893 3092 dici,
911 3035 973 3094 per
991 3013 1047 3078 bos
1061 3034 1163 3079 annos
1177 3014 1276 3077 vitam
1291 3012 1436 3078 Severini
1457 3012 1502 3075 ad

362 3099 459 3164 libros
471 3100 607 3182 scriptos
622 3106 855 3178 recensuerunt,
871 3100 1081 3165 Hermannns
1092 3100 1222 3180 Sauppe
1237 3105 1268 3164 et
1278 3098 1363 3163 Pius
1376 3097 1501 3176 Knoed

362 3185 416 3250 itte
438 3186 549 3252 doctus
570 3192 601 3252 et
622 3207 732 3269 sapon,
754 3188 810 3252 sed
830 3187 983 3251 subsidiis
1005 3187 1126 3251 criticis
1139 3206 1205 3251 non
1218 3187 1300 3251 satis
1313 3187 1501 3260 instmctus,

363 3272 414 3337 bic
442 3279 480 3338 ut
509 3278 674 3355 apparatu
700 3294 780 3337 usus
803 3273 962 3354 pleniore,
993 3274 1043 3338 ita
1069 3275 1136 3354 ipse
1163 3272 1332 3354 imperitus
1358 3278 1389 3336 et
1418 3272 1501 3336 eius·

361 3360 447 3424 modi
473 3361 595 3443 nepotio
621 3360 736 3440 impar.
781 3360 940 3424 Adbrbuit
967 3365 1098 3441 uterque
1125 3358 1206 3424 satos
1235 3358 1331 3423 tibros
1352 3358 1503 3423 cbrssinm

361 3450 546 3511 nostrarum
561 3447 691 3528 primae
713 3451 743 3510 et
756 3447 922 3524 secundae,
939 3446 1106 3528 Sauppius
1127 3467 1167 3510 ea
1184 3445 1244 3510 itia
1257 3447 1394 3510 inniuus
1408 3445 1503 3509 unico

364 3531 443 3598 libro
465 3533 628 3598 Laterano
651 3531 725 3618 (L),
753 3533 808 3596 cui
836 3532 1017 3615 redipiosius
1044 3553 1141 3614 quam
1167 3533 1275 3597 debuit
1294 3553 1360 3596 sese
1381 3532 1502 3596 manci-

356 3620 459 3700 pavit,
465 3625 634 3700 praeterea
645 3619 824 3699 adsumptis
836 3641 876 3683 ea·
890 3619 989 3683 cicesse
1003 3618 1106 3683 attera
1117 3619 1239 3684 duobus
1251 3618 1407 3683 Vaticano
1417 3616 1504 3682 5277

364 3704 422 3788 (V)
441 3710 471 3768 et
485 3706 697 3771 Ambrosiano
713 3705 792 3791 (Μ);
815 3705 986 3770 Knoetbius
999 3710 1126 3770 secutus
1137 3707 1263 3788 primae
1278 3704 1391 3768 classis
1407 3703 1503 3769 toros

363 3793 426 3855 tras
447 3791 647 3857 Lateranum
674 3791 781 3872 iilum,
820 3790 1002 3858 Casinatem
1018 3790 1088 3877 (0),
1118 3792 1309 3858 Vaticanum
1332 3792 1418 3854 1197
1433 3789 1502 3876 (G),
1549 3794 1552 3798 ⁴

362 3878 520 3943 secundae
528 3884 657 3958 praeter
672 3878 866 3943 Vaticanum
878 3880 963 3945 5277
972 3884 1078 3960 (quem
1089 3878 1224 3943 ostendit
1235 3877 1427 3956 descriptum
1437 3897 1502 3940 esse

363 3982 404 4028 en
420 3963 631 4047 Tourinensi)
647 3970 676 4029 et
691 3965 940 4031 Ambrosianum
955 3965 1161 4046 Saappianos
1176 3965 1306 4045 primm
1322 3963 1504 4027 Taurinen·

363 4070 430 4114 sem
446 4050 503 4134 (Τ)
520 4056 551 4115 et
565 4050 820 4116 Vatbicebtianum
836 4051 903 4137 (N).
948 4051 1016 4116 Nos
1031 4053 1075 4116 ad
1083 4053 1226 4132 mimam
1240 4050 1371 4115 classem
1386 4049 1503 4113 adieci

363 4157 435 4201 mus
471 4136 692 4202 Subducensem
713 4136 791 4223 (K),
824 4139 874 4203 ad·
900 4139 1072 4202 secundom
1102 4139 1214 4203 reiecto
1241 4136 1397 4202 Vaticmio
1419 4137 1506 4200 5277

361 4223 610 4288 Ambrosianum
628 4224 764 4288 atterum
781 4223 851 4310 (A).
897 4223 1044 4306 Denique
1065 4224 1214 4289 classium
1232 4224 1373 4288 duarum
1388 4220 1411 4287 S
1433 4226 1463 4287 et
1474 4221 1506 4286 R

359 4330 419 4375 nos
450 4310 607 4375 rationem
638 4311 686 4375 ito
715 4309 899 4389 babuimus,
926 4317 965 4375 ut
989 4312 1035 4375 ad
1065 4310 1145 4376 locos
1169 4331 1270 4390 supro
1293 4331 1330 4394 p.
1344 4309 1370 4373 I
1372 4307 1405 4372 V
1419 4309 1505 4373 indi·

359 4401 447 4461 catos
472 4399 598 4462 variam
631 4396 790 4462 tectionem
816 4398 966 4463 daremus
992 4397 1143 4463 librorum
1164 4397 1254 4462 mbis
1274 4402 1422 4462 notorum
1443 4415 1506 4460 om·
