3384 5142
516 449 566 505 ΙΠ.
584 450 802 506 APPARATVS
821 451 1003 507 CRITERIA.
1222 451 1329 506 XXVII

190 623 291 702 nium,
307 629 476 705 praeterea
498 646 537 690 ea
557 623 711 690 classibus
731 626 775 689 iis
786 625 927 706 potiora,
943 625 989 689 ibi
1009 625 1155 704 manime,
1178 626 1234 690 ubi
1255 625 1330 690 libri

190 709 332 776 meliores
354 711 517 790 differunt,
540 713 577 776 in
598 717 793 793 apparatam
812 711 1011 791 referremus.

281 821 425 887 Tertium
454 827 493 887 ut
518 824 617 886 uitam
643 821 786 888 Severini
811 822 944 900 ederem,
972 824 1068 886 morit
1094 844 1143 887 me
1172 843 1237 887 non
1263 827 1330 886 tarn

193 909 278 990 quod
298 915 494 990 apparatum
514 907 638 973 utiliter
657 910 769 991 nuperi
784 929 878 990 posse
891 906 1112 990 intelleqebom,
1132 908 1330 990 nequeenim

195 995 336 1076 diffiteor
357 1017 396 1060 ea
418 996 577 1060 codicibus
598 996 664 1059 iam
685 996 905 1060 accedentibus
919 1015 1045 1076 paucos
1065 995 1211 1060 lectiones
1232 1016 1328 1059 emer-

190 1083 269 1146 sisse
296 1087 326 1146 et
353 1102 452 1146 nonas
479 1086 509 1146 ct
524 1081 717 1165 probabiles,
744 1082 799 1147 sed
825 1082 910 1162 quod
935 1082 1094 1146 iudicium
1114 1083 1153 1147 de
1176 1082 1330 1163 diqnitotc

191 1167 343 1232 classium
358 1169 486 1252 primae
507 1174 538 1233 et
558 1169 723 1246 secundae,
745 1169 911 1250 inquibus
925 1168 1019 1232 crisis
1033 1167 1129 1233 libelli
1143 1169 1329 1248 totaposito

190 1259 245 1333 est,
268 1259 350 1319 recte
372 1253 472 1319 lotum
494 1275 516 1319 o
531 1253 674 1335 Sauppio
681 1274 853 1336 perperam
870 1254 1035 1319 Knoellins
1056 1256 1195 1320 rescidit.
1241 1253 1328 1318 Tan·

192 1347 260 1405 tum
290 1341 375 1406 enim
401 1343 499 1420 abest,
527 1346 565 1406 ut
593 1342 733 1406 secundo
756 1342 961 1422 potissimum
981 1342 1142 1422 sequenda
1168 1342 1227 1418 sit,
1253 1345 1330 1405 ute

192 1428 353 1492 contrario
368 1429 480 1508 prima
501 1427 570 1492 sola
594 1428 661 1508 fere
682 1429 904 1492 anctoritatem
929 1427 1051 1493 babeat.
1102 1428 1258 1492 Rationes
1279 1428 1331 1490 iu·

193 1513 272 1577 dieii
285 1519 458 1595 postquam
478 1515 611 1595 eaposni
632 1515 668 1578 in
689 1515 895 1596 ephemeridis
917 1514 1056 1579 Hermae
1076 1515 1134 1580 ool.
1148 1517 1192 1579 32
1213 1515 1331 1597 (1897)

186 1619 223 1680 p.
239 1601 411 1664 ebe-468
439 1608 469 1665 et
496 1600 553 1665 ool.
574 1604 618 1665 33
645 1601 761 1684 (1898)
776 1622 812 1682 p.
830 1603 1011 1679 roo-167,
1041 1623 1152 1667 earum
1180 1600 1237 1664 boo
1266 1599 1330 1665 looo

193 1705 317 1750 summa
338 1692 502 1771 repetetur.

277 1789 392 1853 Isibelli
420 1790 532 1872 scripti
552 1810 633 1854 saec.
656 1789 705 1855 VI
724 1790 854 1854 ineunte
882 1809 1074 1871 quamquam
1103 1789 1223 1854 codices
1251 1809 1330 1870 quos

198 1873 348 1940 babemus
361 1875 523 1941 saeculum
540 1877 695 1941 decimum
716 1877 771 1940 oin
787 1877 964 1962 attinqunt,
980 1881 1060 1940 certe
1081 1896 1146 1940 non
1167 1877 1329 1954 excedunt,

192 1961 401 2027 nibilominus
421 1964 451 2027 is
472 1962 563 2028 solito
578 1963 775 2027 conmdatins
789 1963 834 2026 od
854 1983 912 2026 nos
927 1962 1081 2043 peruenit.
1129 1961 1332 2043 Corrupteloe

194 2049 375 2113 corriectnra
401 2050 580 2128 sanandae,
607 2048 714 2130 qualis
741 2054 788 2113 est
816 2047 1079 2125 complerem
1094 2069 1157 2128 pro
1179 2049 1330 2112 feletrom

191 2133 246 2214 (of.
263 2140 432 2214 praeterea
448 2137 478 2213 9,
490 2138 533 2202 29
558 2173 597 2183 -
620 2135 727 2214 23,1o
749 2173 791 2183 -
813 2135 899 2214 27,5
922 2173 964 2184 -
987 2137 1039 2214 30,
1051 2137 1094 2198 18
1110 2171 1151 2182 -
1166 2137 1218 2213 30,
1229 2135 1273 2199 25
1288 2171 1331 2181 -

190 2223 275 2299 37,7
290 2258 332 2269 -
355 2221 461 2300 57,13
483 2259 525 2270 -
548 2223 655 2305 bno),
671 2242 808 2303 perraro
830 2222 1047 2287 inueniuntur.
1100 2218 1205 2285 Locm
1225 2222 1331 2298 21,10

193 2308 254 2370 etsi
274 2308 321 2372 sic
341 2313 380 2372 ut
402 2307 516 2390 leqitur
535 2329 658 2389 porum
685 2313 767 2372 recte
781 2309 928 2389 procedit
953 2313 983 2372 et
1011 2308 1138 2372 omnino
1165 2313 1331 2391 eapecton-

95 2417 97 2421 ’
194 2393 272 2458 dum
286 2399 332 2458 est
345 2415 408 2474 pro
423 2415 458 2459 so
475 2445 483 2461 .
502 2444 510 2459 .
527 2443 535 2458 .
551 2395 771 2481 praesentavit
785 2395 822 2459 iol
834 2395 920 2476 quod
932 2393 1001 2459 RW
1021 2399 1231 2475 reposuerunt
1254 2415 1329 2458 eum

276 2483 511 2566 praesentavit,
533 2480 623 2546 baud
648 2483 714 2546 scio
739 2502 784 2546 on
810 2482 879 2562 ipse
907 2486 1020 2545 auctor
1048 2481 1150 2562 inopis
1178 2481 1331 2546 errauerit

190 2585 290 2648 qnam
311 2566 474 2650 arobetppi
494 2573 674 2633 nostrornm
697 2568 839 2632 codicum
861 2566 1023 2632 librarius.

276 2678 447 2742 librarem
473 2679 664 2759 scriptoram
689 2683 843 2760 quattuor
872 2678 1116 2759 distinqunntur
1144 2676 1270 2740 ordines
1297 2677 1328 2742 I.

189 2763 238 2828 Π.
261 2763 294 2828 S.
318 2763 351 2828 R
378 2765 427 2828 ita
456 2765 586 2844 diensi,
621 2771 659 2829 nt
686 2785 751 2830 non
783 2763 885 2829 solum
918 2764 1102 2828 certissimis
1132 2762 1329 2844 arqumentis

188 2856 391 2930 separentur,
418 2852 473 2916 sed
500 2852 596 2916 etiam
622 2872 717 2916 snam
747 2852 881 2933 quisque
901 2850 1049 2930 patriam
1065 2849 1196 2915 'babeat
1240 2848 1328 2913 Nam

184 2937 313 3018 primae
334 2936 447 3002 classis
468 2937 596 3017 codices,
619 2937 817 3020 quiquidem
833 2941 936 3001 certae
950 2936 1083 3017 oriqinis
1096 2935 1172 3014 sint,
1194 2936 1328 3000 veniunt

189 3042 294 3088 omnes
324 3045 363 3088 en
389 3025 606 3089 commentarii
625 3025 738 3104 scripti
759 3021 898 3104 Neapoli
917 3023 1033 3103 patria
1057 3021 1254 3101 Gampanra;
1283 3022 1329 3085 od

189 3110 362 3175 secundom
387 3109 518 3175 classem
545 3112 603 3192 qui
622 3112 800 3191 pertinent,
830 3109 950 3191 oriqine
976 3114 1036 3172 out
1056 3109 1229 3173 Bobienses
1249 3113 1328 3172 sunt

188 3201 247 3260 out
284 3202 364 3261 certe
399 3199 512 3277 scripti
550 3198 588 3261 in
625 3196 728 3262 Italia
763 3197 942 3278 superiore;
977 3197 1073 3259 tertia
1111 3194 1328 3275 complectitur

188 3283 307 3347 codices
315 3281 429 3365 plnres
443 3283 583 3362 Italicos,
593 3303 716 3364 pancos
734 3281 956 3359 Germanicos·
973 3287 1092 3363 quarto
1107 3282 1242 3362 deniqne
1262 3301 1327 3345 non

186 3371 345 3450 reperitur
366 3371 432 3434 nisi
453 3371 656 3451 inpartibus
670 3367 887 3434 Danuoianis.
935 3366 1223 3433 Contaminationrs
1242 3367 1328 3431 inter

187 3453 243 3520 bos
265 3457 391 3521 ordines
411 3477 476 3521 non
488 3457 596 3522 inveni
609 3456 766 3522 indiciam
780 3455 891 3520 albam.
940 3453 1143 3535 Corrupteloe
1155 3453 1327 3534 pleraeque

187 3546 253 3606 tom
274 3563 354 3606 casn
374 3543 480 3624 factae
509 3563 605 3624 quom
631 3541 890 3626 interpolationes
916 3541 1047 3606 redeant
1072 3561 1194 3604 maesse
1214 3545 1261 3604 est
1281 3541 1327 3603 od

189 3626 419 3710 dittoqrapliias
438 3628 486 3694 rel
498 3630 718 3694 adnotationes
732 3628 939 3710 marpinoles,·
960 3627 1035 3691 inde
1057 3627 1141 3691 enim
1163 3625 1324 3711 explican-

189 3711 265 3777 dum
288 3717 363 3793 erit,
386 3717 470 3797 quod
491 3737 555 3782 non
576 3737 652 3780 raro
678 3717 715 3780 in
736 3715 840 3780 eodem
868 3714 1010 3780 codicum
1032 3713 1142 3777 ordine
1163 3717 1229 3778 tam
1250 3733 1325 3778 ocra

188 3796 278 3864 lectio
313 3801 474 3867 inomitnr
503 3823 600 3884 qnam
633 3807 784 3882 corrupta
816 3805 846 3866 et
880 3800 1107 3881 suppositicia,·
1135 3798 1253 3864 scilieet
1285 3820 1325 3864 ea

188 3885 292 3949 eodem
321 3887 488 3972 arcbetppo
508 3889 682 3970 pendentes
711 3888 837 3953 librarii
867 3889 904 3951 in
937 3885 1160 3968 dittoqrapbiis
1191 3885 1324 3950 altmom

187 3977 299 4037 utram
326 3971 487 4039 lectionem
513 3977 713 4040 admiserant
738 3980 768 4039 et
796 3975 1018 4038 additamenta
1038 3973 1129 4037 modo
1151 3973 1325 4038 omiserunt

186 4059 275 4124 modo
296 4065 489 4140 receperunt.

277 4161 360 4229 Ordo
382 4163 525 4228 codicum
539 4165 670 4244 primus
698 4184 732 4228 eo
747 4164 952 4245 potissimmn
974 4161 1109 4241 recellit,
1132 4163 1218 4244 qnod
1237 4161 1324 4228 solus

189 4248 228 4314 ab
251 4249 492 4330 interpolatione
513 4251 667 4315 immunis
687 4253 808 4316 mansit
828 4250 877 4314 ccl
890 4255 970 4314 certe
985 4255 1076 4330 (nam
1091 4248 1192 4314 adnm
1207 4249 1321 4313 librum

185 4335 230 4398 od
257 4356 315 4402 nos
335 4337 516 4417 pervenisse
543 4356 565 4399 a
592 4335 735 4401 librariis
755 4357 820 4401 non
840 4337 1084 4417 pessumdatum
1105 4337 1179 4418 quis
1199 4341 1324 4400 conten·

185 4421 281 4507 aare)
310 4423 399 4489 nullo
426 4423 490 4490 loco
517 4422 773 4504 interpolationis
799 4424 998 4488 eonoimitnr
1030 4423 1210 4503 arlsumptis
1237 4421 1323 4487 testi·
