3384 5142
326 427 359 480 12
816 433 968 483 EVGIPPH

285 600 305 660 2
325 602 532 688 adimplebat.
578 601 654 666 dum
678 621 755 686 ergo
778 601 900 667 talibus
925 603 1093 668 exercitiis
1115 603 1285 668 roboratus
1313 604 1457 689 palmam

325 710 486 776 supernae
522 689 703 753 uocationis
737 689 875 753 innocue
912 696 1120 773 sequeretur,
1156 689 1297 772 quadam
1332 690 1386 755 die
1416 689 1459 754 ad

325 778 498 843 ecelesiam
524 777 686 860 processit
709 796 752 839 ex
779 796 881 840 more.
934 781 1012 840 tuno
1040 775 1252 861 presbyteris,
1283 777 1369 841 clero
1400 778 1457 841 uel
1487 832 1498 866 ‚

325 865 451 930 ciuibus
475 861 638 947 requisitis
663 861 771 947 coepit
798 867 867 924 tota
894 863 1011 925 mentis
1040 863 1224 926 humilitate
1252 862 1456 948 praedicere,

324 956 361 1014 ut
388 950 533 1014 hostium
562 947 696 1012 insidias
725 949 934 1013 imminentes
963 948 1162 1013 orationibus
1191 969 1230 1012 ac
1260 949 1391 1013 ieiuniis
1424 955 1457 1014 et
1488 973 1500 1011 s

324 1035 565 1101 misericordiae
592 1034 750 1098 fructibus
777 1033 975 1108 inhiberent.
1028 1035 1087 1099 sed
1116 1035 1216 1099 animi
1245 1041 1455 1100 contumaces

244 1125 247 1134 ’
324 1144 362 1187 ac
390 1121 561 1187 desideriis
592 1120 775 1185 carnalibus
804 1121 963 1205 inquinati
990 1121 1209 1207 praedicentis
1238 1122 1371 1186 oracula
1404 1122 1455 1184 in-

283 1207 301 1268 3
322 1209 488 1273 fidelitatis
513 1227 592 1271 suae
617 1206 803 1271 discrimine
827 1207 1060 1292 probauerunt.
1104 1207 1245 1272 famulus
1269 1214 1378 1272 autem
1401 1207 1456 1273 dei

323 1316 476 1360 reuersus
500 1293 541 1357 ad
563 1293 751 1378 hospitium,
767 1314 829 1377 quo
846 1293 889 1357 ab
906 1294 1068 1358 ecclesiae
1091 1293 1198 1358 fuerat
1219 1294 1355 1359 custode
1380 1315 1453 1358 sus-

323 1388 448 1468 ceptus,
472 1380 559 1445 diem
582 1385 614 1444 et
636 1380 751 1443 horam
774 1380 973 1444 imminentis
990 1379 1111 1444 excidii
1127 1380 1283 1465 prodens:
1308 1380 1359 1445 ‘de
1376 1401 1454 1444 con·
1473 1403 1499 1442 ιο

322 1465 465 1550 tumaci’,
482 1468 537 1547 ait,
554 1466 681 1552 ‘oppido
698 1471 732 1530 et
748 1465 844 1530 citius
861 1467 1005 1551 perituro
1021 1467 1160 1532 festinus
1177 1465 1341 1531 abscedo’.
1379 1467 1455 1532 inde

323 1553 364 1617 ad
386 1555 581 1640 proximum,
604 1553 691 1635 quod
714 1551 908 1636 Comagenie
939 1553 1176 1638 appellabatur,
1208 1553 1365 1639 oppidum
1397 1552 1455 1618 de-

281 1639 301 1698 4
323 1640 466 1704 clinauit.
491 1640 552 1703 hoc
574 1638 788 1703 barbarorum
809 1639 1007 1703 intrinsecus
1028 1639 1289 1720 consistentium,
1310 1641 1456 1724 quicum

320 1725 479 1790 Romanis
521 1724 635 1789 foedus
676 1726 826 1808 inierant,
869 1725 1015 1790 custodia
1056 1725 1251 1790 seruabatur
1291 1727 1456 1792 artissima

322 1813 468 1897 nullique
491 1811 696 1896 ingrediendi
718 1818 775 1875 aut
798 1811 988 1896 egrediendi
1010 1812 1115 1876 facilis
1138 1813 1273 1877 licentia
1300 1823 1497 1898 praesta-15

321 1899 427 1963 batur.
474 1898 633 1984 aquibus
663 1904 774 1962 tamen
806 1897 949 1961 famulus
983 1898 1047 1977 dei,
1080 1920 1153 1963 cum
1188 1904 1275 1963 esset
1311 1900 1454 1984 ignotus,

320 2006 383 2050 nec
413 1979 633 2070 interrogatus
663 1989 715 2048 est
742 2004 803 2048 nee
830 1985 994 2071 repulsus.
1042 1985 1154 2069 itaque
1181 2006 1260 2049 mox
1286 1987 1454 2070 ingressus

323 2072 496 2136 ecclesiam
520 2076 654 2136 cunctos
678 2070 718 2134 de
741 2071 846 2134 salute
869 2072 1002 2157 propria
1029 2070 1245 2156 desperantes
1271 2072 1392 2137 ieiunio
1420 2078 1455 2136 et

324 2158 526 2222 orationibus
549 2161 646 2242 atque
669 2157 867 2241 elemosynis
891 2157 1081 2223 hortabatur
1109 2159 1237 2235 armari,
1265 2179 1452 2244 proponens

323 2245 475 2328 antiquae
499 2244 615 2308 salutis
639 2244 802 2328 exempla,
826 2243 944 2327 quibus
968 2242 1080 2307 diuina
1105 2245 1266 2328 protectio
1293 2245 1454 2329 populum
1469 2265 1496 2304 so

323 2349 417 2393 suum
462 2335 575 2394 contra
620 2330 805 2415 opinionem
851 2331 995 2394 omnium
1038 2330 1231 2393 mirabiliter
1268 2331 1453 2396 liberasset.

280 2409 460 2499 deumque
485 2417 624 2480 salutem
647 2416 791 2480 omnium
812 2416 846 2478 in
874 2417 945 2502 ipso
979 2415 1173 2480 discriminis
1207 2416 1345 2480 articulo
1377 2438 1453 2502 pro·

320 2501 462 2566 mittenti
486 2503 619 2566 credere
642 2500 839 2578 dubitarent,
874 2523 986 2581 senex,
1021 2503 1076 2589 qui
1110 2502 1231 2566 dudum
1265 2503 1299 2566 in
1321 2503 1453 2568 Asturis

320 2589 403 2652 tanti
426 2588 565 2674 hospitis
589 2593 759 2673 susceptor
782 2588 966 2669 exstiterat,
995 2590 1087 2654 uenit
1119 2593 1217 2673 atque
1241 2611 1261 2653 a
1283 2596 1453 2674 portarum

320 2674 509 2740 custodibus
534 2675 675 2739 sollicite
708 2675 963 2758 interrogatione
999 2676 1166 2740 discussus
1201 2677 1368 2740 interitum
1402 2677 1453 2743 sui
1471 2701 1497 2742 a»

320 2760 431 2847 oppidi
454 2761 568 2825 habitu
590 2761 756 2844 uerboque
779 2762 983 2840 monstrauit,
998 2761 1143 2827 adiciens
1158 2762 1274 2842 eadem
1297 2763 1364 2840 die,
1388 2783 1452 2848 qua

319 2847 450 2932 quidam
472 2847 569 2912 homo
592 2846 647 2910 dei
668 2846 889 2932 praedixerat,
911 2846 1125 2912 barbarorum
1147 2851 1335 2914 uastatione
1358 2849 1450 2914 dele-

318 2940 397 2998 tum.
442 2954 505 3018 quo
530 2933 639 2997 audito
664 2933 795 2997 solliciti
817 2934 1070 3019 responderunt:
1095 2939 1202 3022 ‘putas
1219 2957 1285 3000 non
1301 2937 1372 3022 ipse
1390 2941 1452 3015 est,

319 3021 374 3104 qui
397 3019 579 3104 desperatis
602 3020 700 3084 rebus
733 3018 786 3084 dei
818 3019 914 3084 nobis
949 3020 1093 3085 subsidia
1125 3019 1333 3107 polliceturt’
1374 3031 1454 3086 mox

317 3107 417 3190 igitur
438 3107 472 3170 in
496 3107 636 3170 ecclesia
657 3106 827 3189 recognito
850 3105 904 3171 dei
927 3106 1049 3171 famulo
1077 3128 1183 3172 senex
1209 3105 1351 3194 pedibus
1379 3109 1449 3172 eius
1471 3129 1498 3168 ao

319 3197 501 3278 prostratus
525 3192 633 3257 aiebat
654 3193 756 3278 ipsius
780 3213 815 3257 se
830 3193 957 3257 meritis
977 3193 1162 3273 liberatum,
1185 3215 1227 3258 ne
1243 3215 1318 3259 oum
1334 3194 1452 3258 ceteris

320 3275 514 3365 oppidaneis
538 3279 661 3344 subiret
683 3277 858 3343 excidium.

404 3475 565 3541 ramea).
583 3472 770 3542 numan).
789 3473 866 3540 aer
878 3475 994 3541 anea).
1012 3471 1138 3540 novum
1150 3476 1267 3542 anea).

404 3651 595 3721 ladimplebat]
610 3655 829 3720 adimplebabat5
875 3655 985 3707 exercita
995 3654 1037 3706 Aa
1087 3656 1295 3708 roborareturM
1354 3657 1453 3726 dqua-

318 3721 385 3789 dam]
403 3723 516 3788 LNSR,
550 3725 643 3776 nodum
657 3723 739 3776 TAM
812 3722 1028 3790 3presbyteroB
1104 3723 1259 3790 bhostium]
1274 3735 1379 3794 propter
1389 3730 1453 3783 h.L

351 3809 383 3844 ae
399 3793 502 3845 ieiuniis
519 3801 545 3844 et
567 3790 757 3860 intratque),
776 3800 802 3845 et
812 3794 916 3845 ieiuniis
928 3809 960 3844 ac
971 3792 1012 3843 II.
1023 3791 1082 3844 SR·
1150 3793 1167 3845 6
1184 3795 1339 3864 inhiberent]
1357 3799 1453 3865 reliqui

316 3868 341 3912 et
358 3859 455 3924 SRdffi,
478 3863 640 3914 inhaererent
662 3862 695 3928 L,
716 3869 902 3930 praecanerent
923 3861 996 3913 ΒΝ·
1092 3860 1107 3913 ‘l
1129 3862 1311 3931 inquinatus,
1335 3868 1453 3921 inclinati

317 3929 358 3981 II.
369 3929 416 3982 SR
467 3931 570 3984 oraculo
588 3931 623 3996 K,
641 3933 738 3984 oraculi
756 3931 789 3981 N
869 3930 905 3983 10
921 3931 1041 3998 prodiens
1055 3930 1080 3981 L
1167 3929 1199 3984 11
1217 3931 1263 4000 ait]
1282 3942 1331 3987 aut
1348 3937 1380 3989 K
1426 3944 1454 3990 et

316 4001 394 4050 citius
411 4016 460 4050 om.
475 4000 501 4050 A
589 3999 622 4053 12
639 4017 776 4068 comagen·
792 4000 851 4052 aide
867 4017 950 4066 capra
971 4003 1025 4062 6,5
1111 3999 1145 4052 14
1161 4002 1275 4054 inierunt
1291 4005 1316 4057 L
1367 4023 1453 4058 serue-

315 4067 454 4140 banturK
519 4068 552 4121 15
563 4070 686 4134 nulleque
695 4070 768 4122 LRffl
776 4068 812 4119 (m-
823 4067 862 4117 1)Ι
931 4065 965 4120 18
976 4065 1084 4135 ieiunio]
1096 4070 1199 4123 ieiuniis
1211 4072 1285 4125 Koa
1350 4073 1383 4125 19
1395 4076 1454 4126 hor·

316 4143 386 4189 tatur
407 4136 433 4188 R
525 4135 560 4189 20
579 4139 687 4204 antiqua
709 4139 816 4206 Sauppe
877 4138 1023 4204 exemplum
1038 4137 1065 4188 L
1159 4138 1193 4190 21
1220 4142 1335 4194 omnium
1361 4160 1411 4196 om,
1427 4143 1454 4194 L

315 4203 394 4273 22Ι23
419 4207 584 4273 promittendi
609 4207 693 4258 N⁸A⁸
778 4206 811 4260 2Ί
837 4204 950 4273 quidum]
977 4208 1080 4273 quidam
1107 4209 1232 4260 TAMBW
1317 4208 1353 4262 28
1374 4220 1455 4279 putas

315 4273 377 4342 non]
388 4275 460 4328 1.ΙΙ.
466 4273 638 4326 Rd(m.r)m(m.
644 4275 673 4343 ¹),
686 4285 796 4344 putasne
806 4272 1077 4329 ,emmerammum
1089 4276 1131 4341 (ut
1139 4287 1177 4330 cet
1187 4283 1261 4343 21,4,·
1278 4282 1312 4347 cf.
1324 4279 1452 4346 Bomoi,

316 4344 378 4396 Ital.
391 4346 447 4397 rand
462 4344 534 4411 Vutq.
553 4345 621 4396 cot2
632 4348 731 4412 paca)
811 4344 847 4398 30
863 4348 1044 4400 aeccleiamK
1086 4345 1152 4413 eius]
1165 4347 1233 4400 eiN
1304 4347 1339 4402 31
1356 4353 1453 4417 egebat

316 4413 385 4464 ΚΑει
470 4412 505 4467 32
522 4414 680 4484 oppidaneis]
699 4417 745 4468 rel.
764 4424 788 4466 et
805 4415 834 4482 S,
852 4419 987 4484 oppidanis
1005 4417 1185 4471 Kanum
1237 4418 1345 4472 exitium
1362 4419 1388 4471 R
