3384 5142
335 385 370 442 86
824 387 976 439 EVGIPPII

337 558 523 646 ‘quendum
547 557 621 622 binc
643 562 754 624 tamen
776 579 862 622 nunc
876 557 1000 644 pariter
1015 555 1245 625 discedamns'.
1274 559 1355 623 talia
1377 578 1469 623 com-

336 649 525 711 monentem
556 645 661 710 secuti
694 649 769 708 sunt
794 645 939 731 plurimi,
969 642 1101 729 quidam
1130 665 1211 709 uero
1241 645 1363 731 reperti
1393 650 1471 709 sunt

338 737 556 809 contumaces,
579 751 641 796 nec
664 728 767 796 defuit
789 729 1067 817 contemptoribus
1083 730 1211 816 gladius
1225 731 1359 796 inimici.
1397 731 1469 817 qui·

337 837 475 904 cumque
505 815 591 881 enim
621 815 743 882 ibidem
766 823 881 881 contra
902 816 1043 881 bominis
1067 816 1121 881 dei
1143 815 1317 882 interdicta
1337 837 1468 882 manse·

336 909 423 986 runt,
446 902 619 988 Thoringis
641 902 839 968 irruentibus
861 903 896 966 in
912 901 1028 968 eadem
1043 902 1250 970 hebdomada
1266 904 1321 969 alii
1336 904 1469 989 quidem
1496 923 1516 962 a

336 989 499 1069 trucidati,
531 989 588 1055 alii
615 990 650 1053 in
679 989 904 1076 captiuitatem
934 988 1065 1055 deducti
1093 1011 1217 1076 poenas
1244 989 1365 1056 dedere
1389 1010 1469 1054 con-

335 1080 401 1140 tem
426 1076 485 1142 tui

299 1169 314 1228 1
403 1097 585 1226 pXXVIII.
607 1159 714 1246 Igitur
740 1166 817 1246 post
838 1161 1004 1226 excidium
1026 1181 1069 1248 op
1092 1160 1220 1225 idorum
1240 1161 1275 1224 in
1296 1159 1468 1247 superiore

337 1252 429 1335 parte
466 1246 612 1311 Danuuii
650 1267 779 1312 omnem
815 1247 973 1333 populum
1008 1248 1043 1312 in
1106 1248 1273 1311 annaeum
1309 1245 1468 1333 oppidum

338 1333 637 1418 transmigrantem,
660 1333 715 1419 qui
737 1334 843 1398 sancti
868 1333 1020 1399 Seuerini
1040 1334 1171 1398 monitis
1193 1340 1358 1419 paruerat,
1382 1333 1466 1397 assi·
1485 1353 1514 1392 ro

338 1419 411 1485 duis
435 1419 617 1484 hortatibus
639 1419 881 1506 praestruebat,
905 1440 947 1484 ne
972 1421 1006 1484 in
1028 1441 1089 1485 sua
1110 1421 1232 1485 uirtute
1257 1418 1467 1500 confiderent,

339 1505 399 1571 sed
435 1505 637 1571 orationibus
674 1511 707 1569 et
738 1505 868 1570 ieiuniis
904 1512 1003 1591 atque
1044 1507 1243 1591 elemosynis
1275 1507 1469 1570 insistentes

298 1600 317 1662 2
338 1590 436 1657 armis
466 1592 575 1678 potius
599 1591 798 1679 spiritalibus
819 1592 1034 1657 munirentur.
1055 1598 1230 1679 praeterea
1252 1591 1392 1677 quadam
1414 1590 1468 1656 die

337 1679 390 1744 uir
410 1676 465 1742 dei
488 1682 621 1742 cunctos
643 1699 806 1764 pauperes
828 1678 865 1741 in
885 1699 952 1743 una
974 1678 1113 1743 basilica
1135 1679 1250 1743 statuit
1265 1677 1468 1764 congregari,

338 1764 447 1830 oleum
478 1768 575 1864 prout
603 1764 764 1850 poscebat
793 1764 877 1828 ratio
907 1764 1101 1850 largiturus:
1137 1785 1234 1851 quam
1262 1765 1407 1850 speciem
1433 1763 1468 1828 in
1485 1784 1516 1824 rs

337 1851 403 1915 illis
429 1850 511 1914 locls
540 1849 730 1914 difficillima
757 1850 997 1935 negotiatorum
1024 1857 1150 1915 tautum
1178 1849 1348 1916 deferebat
1369 1871 1467 1915 euec-

337 1936 394 2002 tio.
438 1936 539 2021 igitur
559 1941 725 2022 tamquam
747 1935 985 2002 benedictionis
1008 1935 1219 2022 accipiendae
1241 1938 1347 2022 gratia
1366 1936 1470 2001 maior

338 2022 1469 2195 itittttiltltt⁰tttitattitiuttttbtttit

298 2199 317 2260 3
337 2199 416 2258 tunc
437 2193 489 2258 uir
510 2194 627 2260 beatus
650 2196 795 2260 oratione
819 2194 984 2280 completa
1007 2195 1163 2280 signoque
1185 2195 1291 2261 crucis
1308 2215 1466 2280 expresso
1484 2219 1516 2260 ao

339 2281 472 2346 solitum
495 2279 557 2345 sibi
573 2281 751 2366 scripturae
768 2287 903 2345 sanctae
922 2302 1107 2346 sermonem
1121 2282 1245 2346 cunctis
1261 2281 1468 2346 audientibus

339 2367 527 2452 exprimens
551 2367 612 2431 ait:
637 2367 690 2431 ‘sit
712 2385 830 2431 nomen
853 2365 975 2431 domini
997 2366 1227 2433 benedictum’.
1264 2374 1342 2433 tunc
1359 2367 1470 2454 coepit

340 2452 449 2518 oleum
471 2453 603 2539 propria
624 2473 723 2518 manu
745 2453 902 2517 ministris
924 2453 1060 2539 implere
1081 2454 1299 2541 portantibus,
1321 2455 1468 2518 imitatus

339 2538 446 2604 fidelis
481 2559 596 2604 seruus
628 2538 793 2603 dominum
816 2560 925 2619 suum,
954 2540 1009 2626 qui
1035 2561 1102 2604 non
1123 2541 1300 2605 ministrari
1320 2545 1467 2621 uenerat,

181 2648 250 2692 nare.
260 2648 293 2700 1⁰,
303 2650 328 2692 45
340 2623 399 2689 sed
426 2625 535 2712 potius
564 2625 766 2706 ministrare,
794 2646 1001 2713 sequensque
1022 2628 1165 2713 uestigia
1187 2628 1361 2692 saluatoris
1384 2648 1466 2712 gau·
1484 2647 1521 2688 ss-

189 2733 272 2776 matu.
286 2711 440 2786 cadebat
479 2712 593 2796 augeri
637 2713 825 2792 materiem,
863 2733 962 2798 qnam
1005 2713 1112 2778 officio
1154 2713 1291 2779 dextrae
1336 2714 1467 2777 sinistra

338 2797 506 2862 nesciente
535 2796 705 2864 fundebat.
755 2799 925 2884 eompletis
955 2801 1075 2885 quippe
1108 2800 1251 2864 uasculis
1283 2820 1466 2886 pauperum

298 2893 318 2952 4
338 2883 420 2948 nibil
449 2883 656 2948 minuebatur
681 2884 715 2947 in
742 2885 893 2950 manibus
914 2886 1165 2950 ministrantum.
1214 2889 1342 2950 tantum
1367 2887 1468 2970 igitur

338 2968 390 3033 dei
420 2968 615 3034 beneficium
638 2969 715 3033 dum
739 2971 990 3037 circumstantes
1019 2971 1116 3036 tacite
1145 2971 1356 3052 mirarentur,
1380 2990 1466 3035 unus

339 3075 462 3134 sorum,
485 3056 538 3119 cui
559 3074 678 3119 nomen
701 3063 772 3122 erat
791 3056 1033 3139 Pieutissimus,
1058 3057 1158 3122 nimio
1183 3062 1315 3143 stupore
1337 3063 1464 3144 perter-
1486 3079 1524 3122 so

423 3238 578 3305 rauco).
596 3236 782 3309 mmm).
801 3238 1000 3306 mamma]
1017 3237 1133 3304 aem·
1145 3236 1262 3306 aaa).

424 3395 439 3447 1
457 3398 528 3448 hunc
544 3395 576 3446 N
614 3393 784 3463 discedamus]
802 3395 922 3459 Lusit,
940 3395 1105 3448 descedamns
1117 3392 1165 3462 Ab,
1183 3394 1366 3446 descendamus
1380 3392 1471 3444 wa·

338 3464 380 3532 112
392 3472 568 3517 commonente
578 3463 744 3526 L¹NMRW,
761 3471 881 3516 monente
893 3463 937 3514 13¹.
953 3463 1151 3517 'commonereS
1226 3461 1244 3514 2
1258 3463 1364 3531 plurimi
1381 3479 1430 3514 om.
1441 3461 1474 3512 K

337 3532 355 3586 3
372 3531 597 3601 contemptoribus]
616 3542 667 3585 tem
701 3535 773 3585 ribus
790 3531 815 3582 A
902 3532 1044 3600 btborigis
1061 3533 1096 3594 N,
1113 3533 1225 3600 turingia
1242 3531 1274 3599 L,
1291 3533 1421 3598 thuringis
1433 3530 1468 3597 R,

336 3603 501 3670 thorongisS
536 3604 676 3655 ebdomada
694 3599 863 3667 suemus,
875 3600 1263 3668 cocomarioeuooruartm
1331 3599 1468 3667 deaptiui-

336 3679 389 3724 tate
402 3672 427 3723 A
507 3669 549 3736 819
567 3672 723 3738 superiorem
740 3678 838 3739 partem
853 3670 878 3721 L
958 3670 991 3723 11
1009 3671 1198 3723 hortationibus
1208 3670 1243 3733 N,
1261 3670 1426 3722 oracionibus
1437 3669 1471 3718 Μ

337 3737 1169 3876 1]1””1
1297 3736 1469 3876 31331

380 3848 386 3861 1
1169 3846 1175 3858 ·
1204 3846 1212 3871 r

337 3877 414 3940 13114
428 3878 712 3944 uirdeiquad.diaL¹
786 3876 820 3931 15
833 3874 918 3945 prout]
931 3886 962 3930 ut
975 3878 1012 3928 Τ1
1087 3875 1119 3929 16
1131 3877 1307 3929 difficillimam
1318 3875 1473 3928 OGTMSB

336 3945 369 4000 17
387 3949 487 4014 matisc
509 3946 541 3998 K
623 3945 657 3999 18
678 3944 827 4015 pretiosum]
851 3945 946 4012 ΜΒ,
972 3947 1108 4012 pretiosius
1130 3946 1166 3997 11
1221 3942 1326 4012 ibidem]
1351 3946 1420 3997 idem
1442 3943 1471 3994 L

369 4017 447 4068 huius
466 4033 514 4068 oua.
527 4015 552 4067 L
624 4014 657 4068 19
674 4017 829 4069 elementum
840 4015 878 4066 L¹
920 4017 999 4068 turba
1012 4016 1038 4066 T
1074 4015 1269 4083 poseontumN
1337 4009 1471 4080 20ιί8ηο-

353 4083 395 4152 ue]
419 4083 515 4150 MR,
544 4086 617 4152 signo
639 4085 678 4136 Π
759 4083 793 4136 21
816 4085 910 4136 solium
931 4082 956 4135 A
1042 4081 1077 4135 24
1097 4082 1251 4203 ministrari]
1274 4084 1420 4135 ωἰαίειτυο
1441 4081 1478 4132 N

335 4103 371 4208 26
392 4155 523 4206 materiam
543 4153 569 4204 R
626 4150 741 4221 donuae]
764 4153 836 4219 Lo,
863 4154 982 4205 dexterm
1006 4151 1085 4205 ILB
1174 4151 1234 4219 2612
1272 4168 1341 4203 naso.
1364 4151 1414 4203 sin.
1437 4151 1475 4201 M

336 4219 371 4275 27
388 4219 491 4290 quippe]
519 4223 607 4288 itaque
629 4222 767 4289 (separer.
787 4224 831 4275 ual
855 4224 959 4289 quippe)
981 4221 1013 4272 Μ
1096 4220 1131 4274 28
1153 4221 1354 4274 ministrantium
1377 4220 1402 4272 L
1415 4219 1473 4272 MS

336 4291 371 4345 30
387 4289 570 4361 pientissimus]
588 4292 635 4343 rel.
652 4301 675 4344 et
689 4293 718 4358 S,
737 4293 939 4362 sapientissimus
953 4292 977 4343 G
994 4300 1019 4344 at
1035 4291 1114 4343 codes
1125 4291 1245 4359 Bclforti,
1263 4291 1377 4358 pientius
1389 4286 1473 4355 Bur,

336 4363 474 4428 pictantias
490 4361 535 4426 13¹,
553 4362 675 4414 biennius
692 4361 741 4414 Bm
791 4359 905 4430 stupore]
923 4361 972 4414 rol.
989 4370 1013 4414 et
1030 4360 1059 4428 S,
1077 4362 1169 4414 fimare
1190 4359 1266 4426 Tam,
1284 4366 1380 4412 terrore
1399 4359 1436 4410 Βι
