3384 5142
633 410 668 467 Η.
686 410 786 465 LIBRI
804 410 955 466 SCRIPTI.
1270 410 1364 465 XXIII

229 583 367 649 Casinas
388 604 420 647 n.
436 584 501 646 110
522 603 602 648 suec.
617 582 676 648 XI
693 582 872 648 nonhabet
897 583 964 646 nisi
992 581 1137 648 lectiones
1157 583 1305 649 undecim
1326 605 1365 649 en

312 669 379 734 cita
401 667 542 734 Severini
563 675 733 750 eucerptas.
778 668 903 733 Similis
928 668 1003 733 tritri
1023 669 1206 751 particulas
1228 671 1365 735 inueniri

313 757 350 820 in
370 754 459 836 feliis
475 756 634 837 praesiccis
655 754 702 819 rei
722 754 854 835 sufficis
869 754 1027 820 coeamus
1045 756 1250 822 Casinatdus
1271 759 1314 819 30
1335 762 1366 822 ct

312 842 376 905 129
398 841 567 906 Dudiirins
590 841 636 904 ad
656 840 896 907 Bethmannum
916 843 1054 922 rettulit;
1076 841 1238 925 catalepus
1263 844 1301 908 de
1321 844 1365 908 iis

311 933 401 992 tacet.

227 1031 366 1098 Casuras
379 1052 411 1094 n.
424 1033 488 1093 144
502 1049 582 1094 saec.
594 1028 652 1094 XI
663 1029 754 1094 hodie
765 1029 900 1094 mutilus
907 1031 1024 1110 liniens
1035 1017 1116 1108 1342
1127 1031 1245 1095 sanctis
1256 1032 1362 1116 operi-

311 1118 372 1183 bus
388 1121 464 1198 post
486 1115 654 1196 epistulam
668 1117 827 1200 Eupippii
846 1117 975 1181 collocat
995 1116 1131 1181 indicere
1152 1117 1364 1199 capitulorum

310 1224 350 1268 en
372 1203 428 1268 trec
450 1202 716 1268 innocencium
736 1202 822 1270 Bibt.
841 1202 949 1268 Oasin.
965 1202 1022 1269 voi.
1037 1205 1059 1266 3
1073 1224 1110 1284 p.
1125 1203 1200 1267 282.
1244 1203 1365 1268 Nostra

312 1309 412 1353 causa
429 1288 553 1367 lecos3,
569 1293 611 1353 14
634 1337 691 1358 ...
713 1292 800 1366 4,13
821 1292 1079 1367 et11‚1-12‚6
1094 1288 1365 1368 contuditLueas;

313 1376 410 1440 ceder
438 1376 590 1440 emisentit
611 1376 716 1441 ubiuis
737 1397 810 1440 cum
834 1376 985 1441 Casinate
1004 1380 1112 1441 nostre
1135 1375 1172 1454 Ο,
1194 1376 1261 1440 nisi
1281 1377 1366 1457 qued

314 1461 400 1539 11,2
421 1467 568 1548 tempore
589 1462 636 1526 ibi
650 1468 717 1540 est,
743 1483 809 1527 uon
831 1468 962 1548 tepore;
985 1467 1096 1526 utrum
1117 1462 1270 1526 adsumas
1291 1484 1365 1527 cum

304 1548 441 1628 perinde
463 1549 515 1627 sit,
536 1547 686 1612 mutilum
707 1548 816 1613 abieci.
1016 1613 1020 1620 ,

228 1649 370 1716 Casinas
391 1672 423 1716 n.
441 1654 505 1714 146
526 1671 606 1715 saec.
623 1651 682 1715 XI
693 1651 795 1733 (Bal.
815 1652 922 1717 Oasin.
938 1656 968 1729 3,
983 1650 1063 1736 295)
1078 1656 1224 1732 excerpta
1238 1655 1363 1716 tantum

311 1737 432 1802 enhrtet
453 1737 595 1802 inutilia.

228 1839 366 1906 Casinas
391 1862 423 1906 n.
441 1839 504 1904 574
535 1845 609 1905 teste
637 1838 784 1905 Dudilcio
805 1840 896 1921 apud
915 1840 1155 1905 Bethmannum
1175 1841 1212 1903 in
1232 1839 1321 1922 foliis
1341 1860 1364 1903 a

307 1925 501 2008 ptutmatere
527 1927 660 1991 adiectis
686 1926 779 1991 tabet
800 1928 885 1991 ritae
906 1932 1034 2006 partem
1055 1932 1226 1990 extremam
1245 1926 1321 1991 inde
1341 1946 1364 1989 a

310 2010 412 2077 rubis
426 2034 463 2094 p.
476 2017 583 2092 47,13
605 2013 722 2078 beatus
749 2012 923 2078 Severinum
951 2013 993 2078 de
1021 2013 1083 2078 hoc
1110 2013 1219 2078 seculo
1246 2013 1362 2076 1111ιεί-

311 2104 427 2164 turum.

222 2200 437 2267 Flermtinus
450 2202 695 2267 Laurentianus
716 2202 853 2268 Sanctae
871 2202 984 2268 Crucis
999 2201 1082 2283 plut.
1098 2200 1151 2280 35,
1164 2200 1184 2262 9
1199 2200 1364 2284 (Bandini

310 2288 405 2354 6014
420 2311 457 2371 p.
473 2292 552 2373 332)
575 2310 655 2356 saec.
670 2289 771 2354 XIII
785 2287 815 2374 f.
832 2287 876 2352 57
897 2289 1015 2354 brevem
1036 2288 1204 2370 epitmuam
1225 2289 1364 2353 continet

308 2375 585 2527 3612ωὲῑᾷωὲἔῖζᾷ
606 2397 703 2458 qnam
738 2376 928 2458 descm'ptam
959 2376 1047 2440 misit
1077 2374 1233 2458 Georyius
1260 2375 1362 2453 Kare,

226 2562 412 2645 Heteenfurt
425 2586 457 2630 n.
472 2568 515 2629 43
529 2585 608 2629 saec.
628 2565 721 2630 XVI
733 2564 859 2644 (Xenia
873 2563 1035 2629 Bernard.
1049 2564 1114 2642 2,2
1133 2585 1164 2645 p.
1180 2561 1261 2645 252)
1275 2568 1362 2628 cata

314 2649 379 2733 lopo
407 2652 622 2752 episcoporum
644 2651 934 2734 Satisburpensium
960 2651 998 2714 de
1019 2650 1181 2732 Ihmrppm
1208 2651 1365 2732 quaedam

224 2742 587 2918 Partieieacismiiiziwdd
606 2845 701 2904 antea
716 2839 866 2918 Oratorii,
888 2859 969 2904 saec.
987 2837 1103 2904 XVII
1112 2843 1260 2922 excerpta
1273 2837 1365 2904 nabet

312 2945 351 2989 en
372 2924 433 2990 tec
454 2927 521 2991 m'ta
542 2925 685 2990 inutilia.

224 3025 394 3092 Romanius
415 3027 654 3094 Vadicdtianus
667 3029 726 3094 IV
736 3051 773 3110 p.
791 3029 920 3092 94-96
933 3049 1014 3092 saec.
1034 3027 1094 3093 XI
1103 3049 1168 3094 uon
1189 3027 1282 3093 habet
1297 3029 1363 3093 nisi
1381 3046 1417 3096 er

311 3115 412 3193 ettae,
443 3116 497 3180 cui
519 3117 772 3196 praesumitur:
802 3115 909 3201 passio
937 3115 1041 3179 sancti
1064 3114 1211 3180 Severini
1234 3115 1361 3180 confes-

312 3203 408 3283 soris,
437 3202 544 3283 capIta
566 3204 678 3282 pm'ma
699 3203 744 3266 ad
762 3222 798 3282 p.
815 3205 867 3280 17,
879 3203 922 3264 30
943 3201 1127 3287 inpositum.
1171 3201 1296 3266 Similis
1316 3207 1362 3266 est

317 3287 528 3353 Vetticcitiani
549 3288 621 3353 III.
664 3288 828 3354 Lectiones
848 3288 1005 3369 quasdam
1030 3288 1105 3352 iude
1130 3289 1283 3353 adnotavi
1303 3288 1361 3352 sub

309 3374 457 3439 vocabule
479 3375 604 3440 codicis.

223 3473 396 3541 Romanus
415 3476 653 3541 Vadicediunus
665 3475 716 3540 VI
726 3496 806 3540 saec.
821 3476 921 3541 XIII
932 3474 1063 3558 tabetf.
1076 3476 1248 3539 114-126
1262 3477 1361 3542 ritum

311 3583 333 3626 a
350 3564 513 3647 principie
534 3562 680 3627 mutilam
694 3564 896 3644 incipientem
910 3583 946 3643 p.
963 3565 1047 3641 17,6
1069 3563 1191 3626 moniis
1213 3569 1359 3648 prseter-

309 3650 435 3732 mittas,
465 3650 611 3730 deinceps
635 3649 766 3730 plenam
798 3649 959 3729 linientem
979 3669 1016 3728 p.
1033 3646 1121 3726 56,4
1150 3649 1362 3726 fructuosum

311 3735 385 3800 item
401 3735 465 3802 aIIe
481 3736 545 3802 leco
565 3736 591 3817 f.
609 3735 762 3800 154.155
785 3735 953 3816 epistulam
968 3733 1138 3799 Pascimsii
1157 3736 1362 3817 inscriptam:

311 3820 391 3885 item
414 3842 431 3886 s
456 3823 552 3887 istola
574 3821 718 3886 Pascssii
741 3822 868 3886 diaconi
890 3823 1010 3907 scripta
1032 3820 1075 3885 ad
1096 3821 1279 3907 Eugenium
1300 3824 1362 3906 (sic

312 3925 383 3970 cum
434 3908 558 3974 adiecit.
573 3908 652 3992 III)
678 3908 914 3995 presbyterum.
966 3908 1087 3972 Pectus
1114 3909 1164 3973 tta
1193 3915 1362 3990 corruptus

313 3997 368 4070 est,
390 3999 428 4057 ut
449 4016 488 4059 ne
509 3995 665 4076 specimen
684 3996 811 4077 quidem
832 3995 980 4059 dederim.

222 4093 454 4248 Sedenstettbeqnm
463 4118 495 4161 n.
510 4097 575 4162 215
602 4098 657 4182 (cf.
675 4098 769 4164 Pertr
789 4097 911 4163 Archiv
937 4096 1060 4182 6,195)
1087 4099 1255 4180 epitomum
1275 4099 1361 4165 sistit

308 4182 395 4246 inuti
456 4235 463 4248 .

224 4285 333 4350 Stams
354 4305 386 4351 n.
403 4287 425 4351 8
446 4286 618 4351 secundum
640 4287 815 4370 catampnm
829 4286 912 4354 Xen.
935 4286 1096 4354 Beruard.
1119 4288 1150 4367 2,
1165 4290 1196 4367 2,
1211 4291 1276 4352 468
1296 4309 1362 4354 nan

310 4371 402 4438 habet
423 4373 490 4438 nisi
511 4374 687 4454 epitomum.
