3384 5142
528 420 576 475 III.
594 415 812 474 APPARATVS
830 418 1035 519 onlnem·
1247 417 1340 472 XXIX

203 594 325 658 tradita
356 594 393 658 in
426 591 580 656 classibus
606 593 624 657 I
651 598 681 658 et
701 592 738 657 ΙΙ
764 593 801 658 55
824 590 879 657 SR
902 593 950 656 ita
972 590 1132 673 procedit:
1166 595 1200 655 eb
1233 589 1339 654 subito
1370 641 1379 655 .

203 681 311 745 oculos
335 679 505 745 defunctus
528 680 655 764 aperuit
675 680 733 743 uix
755 700 834 744 uero
851 679 908 761 (cf.
923 679 1000 743 item
1015 678 1236 743 additamenta
1250 676 1341 741 libris

203 767 258 831 SR
279 764 525 842 communiendi,
540 767 594 832 32.
616 769 668 844 37,
681 769 710 828 1.
726 769 771 842 3).
823 765 902 832 Utut
916 770 971 844 est,
985 767 1045 829 etsi
1059 768 1089 829 et
1103 763 1126 828 8
1148 769 1178 828 et
1191 762 1223 828 R
1241 764 1340 828 inter-

195 853 413 935 polationibus
428 852 625 933 purissimis
640 851 776 932 refertae
794 857 880 930 sunt,
897 872 969 916 crem
985 872 1095 916 earum
1115 851 1202 932 lonpe
1214 850 1339 930 plerae-

201 961 261 1022 que
288 940 332 1002 iis
352 939 505 1022 propriae
530 938 609 1016 sint,
632 939 689 1016 lbi,
712 939 770 1002 ubi
790 937 906 1020 reliqui
935 936 1009 1002 libri
1030 938 1200 1017 differunt,
1230 937 1343 1002 classis

203 1025 336 1090 altemus
354 1027 464 1090 utrius
476 1029 505 1088 et
520 1022 617 1088 multo
628 1025 730 1106 mapis
742 1023 854 1088 classis
864 1025 1031 1105 utriusque
1042 1025 1188 1088 adsensio
1199 1024 1339 1088 auctori-

203 1117 297 1176 tatem
330 1111 474 1192 aliquam
506 1111 578 1174 iure
607 1112 669 1174 sibi
691 1110 879 1191 postulabit.
929 1111 1082 1175 Attamen
1108 1131 1146 1174 ea
1167 1111 1259 1174 nulla
1286 1115 1341 1187 est,

202 1199 258 1263 ubi
289 1197 430 1263 meliores
457 1195 530 1261 libri
558 1199 770 1275 cursentirmt,
797 1202 878 1262 certe
903 1197 941 1260 in
964 1197 1181 1279 prunarius
1207 1217 1285 1262 nam
1305 1198 1342 1260 in

206 1284 331 1362 talibus,
354 1283 465 1364 qualia
486 1289 563 1347 sunt
584 1282 635 1362 50,
651 1287 672 1347 3
694 1282 735 1347 de
759 1284 890 1348 saeculo
905 1303 1090 1348 recessurus
1105 1284 1179 1367 (om.
1194 1282 1226 1348 R
1239 1282 1341 1366 solus)

206 1408 248 1419 -
269 1371 320 1448 52,
336 1371 388 1435 25.
407 1373 450 1434 26
473 1369 560 1455 apud
574 1369 675 1434 Novis
692 1368 752 1454 (Rv
768 1369 855 1434 solus
876 1370 1048 1435 secundum
1070 1391 1166 1434 usum
1186 1369 1342 1453 Eupcppii

208 1454 415 1542 constantem)
431 1493 471 1503 -
488 1458 539 1534 54,
555 1455 606 1538 314
629 1462 662 1520 et
678 1477 787 1521 orasse
805 1477 840 1521 se
860 1462 894 1521 et
911 1456 970 1535 (sic
986 1457 1050 1540 SR,
1074 1463 1107 1521 et
1130 1478 1239 1522 orasse
1263 1476 1297 1520 se
1314 1455 1340 1536 I,

209 1549 242 1607 et
268 1548 392 1608 orasset
406 1543 454 1628 Π)
469 1563 544 1606 ocra
566 1541 654 1608 lectio
675 1542 771 1624 facile
785 1545 897 1624 potuit
911 1543 948 1607 in
961 1548 1095 1625 utroque
1115 1545 1224 1609 ordine
1238 1543 1343 1608 melio-

205 1651 279 1694 rum
306 1629 424 1693 aboleri
453 1634 483 1693 et
508 1630 545 1692 in
571 1629 776 1694 deterioribus
797 1630 930 1693 seruari.

290 1715 464 1798 Postquam
485 1716 523 1780 de
540 1720 691 1797 quattuor
705 1715 871 1780 ordinibus
883 1717 920 1779 in
933 1716 1117 1780 uniuersum
1132 1715 1343 1798 exposuimus,

201 1802 404 1886 procedemus
425 1802 469 1866 ad
490 1801 585 1867 libros
606 1803 860 1884 uniuscuiusque
874 1802 997 1866 ordinis
1011 1801 1236 1882 particulatim
1250 1802 1343 1866 aesti-

204 1889 345 1954 mundos.

296 1974 417 2040 Classis
441 1975 569 2054 primae
596 1978 626 2037 et
653 1973 739 2056 55555
768 1975 904 2054 optimae
933 1972 1007 2037 libri
1032 1977 1184 2054 quattuor
1211 1993 1233 2036 a
1254 1973 1345 2037 nobis

205 2062 341 2126 adhibiti
356 2060 612 2141 complectuntur,
627 2061 784 2141 quidquid
806 2081 844 2126 55
865 2060 958 2124 babet
973 2060 1045 2124 boni
1059 2065 1089 2123 et
1103 2060 1250 2140 antiqni;
1265 2063 1346 2123 certe

205 2149 241 2211 55
269 2146 345 2212 locis
369 2147 428 2225 iis,
458 2147 502 2211 ad
523 2167 601 2228 quos
627 2145 746 2211 codices
775 2167 880 2212 munes
908 2146 1117 2223 contulimus,
1145 2144 1255 2210 nudus
1276 2145 1347 2210 eius

205 2233 316 2298 classis
337 2239 481 2315 repertus
502 2237 561 2311 est,
584 2234 641 2315 qni
655 2238 787 2314 praeter
812 2232 884 2297 illos
904 2232 1001 2297 utilia
1015 2233 1189 2314 praeberet,
1213 2233 1344 2296 destitu-

207 2321 292 2401 tique
319 2325 396 2384 sunt
424 2340 446 2383 5
473 2320 563 2384 nobis
593 2320 700 2384 reiecti
722 2340 826 2384 omnes
849 2319 994 2383 clausula
1019 2319 1235 2383 commentarii
1257 2318 1345 2397 56,3

206 2406 310 2471 habes
334 2454 391 2471 ...
415 2410 437 2469 4
458 2407 656 2471 fructuosum
679 2427 717 2470 erc
731 2411 884 2486 quattuor
898 2407 1016 2470 nostris
1036 2407 1073 2469 55
1093 2406 1196 2469 tribus
1209 2411 1343 2469 sauata.

208 2492 292 2558 8555
312 2492 423 2557 nullus
449 2498 494 2556 est
519 2493 604 2556 inter
635 2497 787 2572 quattuor
815 2491 899 2569 dlos,
926 2493 984 2573 qui
1008 2512 1074 2556 non
1096 2493 1140 2554 sit
1166 2490 1347 2555 maculatus

207 2578 328 2643 mendis
343 2579 488 2658 propriis
508 2598 573 2641 uon
587 2579 720 2657 paucis,
743 2579 786 2642 iis
808 2583 914 2642 tanun
934 2598 1000 2642 non
1020 2599 1059 2641 55
1081 2577 1149 2642 dolo
1170 2577 1253 2641 mab)
1269 2597 1346 2658 pro-

207 2665 307 2744 fectis,
322 2664 377 2728 sed
393 2685 432 2728 55
446 2663 540 2728 solita
556 2663 760 2728 librariorum
774 2665 905 2728 incuria
918 2669 948 2728 et
961 2663 1153 2745 neplepentia
1165 2667 1195 2727 et
1202 2662 1345 2744 plerum-

207 2771 267 2832 que
288 2751 337 2814 ita
358 2750 521 2828 solitariis,
543 2754 581 2813 nt
602 2749 717 2831 reliqui
740 2751 879 2814 eiusdem
896 2750 1019 2814 ordinis
1040 2749 1114 2814 libri
1129 2770 1264 2814 errorem
1277 2769 1345 2813 cor·

207 2838 324 2918 ripant.
368 2835 484 2900 Polum
505 2837 589 2900 inter
610 2857 660 2900 eos
680 2836 764 2900 nulli
778 2837 906 2901 debetur
918 2857 1018 2917 neque
1038 2835 1103 2899 ullo
1125 2841 1206 2900 recte
1227 2836 1346 2900 carebi-

208 2943 297 3001 mus,·
323 2943 399 2987 nam
421 2928 450 2986 et
471 2922 500 2986 L
523 2927 552 2986 et
572 2921 605 2986 K
627 2927 656 2986 et
676 2923 733 3004 qui
754 2922 820 3003 fere
839 2921 961 3004 pemelli
981 2927 1057 2986 sunt
1073 2921 1131 2986 OG
1152 2922 1268 2987 babent
1284 2943 1348 2986 sua

205 3010 340 3090 propria
361 3009 456 3088 bona,
479 3008 619 3072 uidelicet
640 3009 677 3073 in
697 3009 920 3090 dittopropbiis
940 3008 1103 3090 arcbetppi
1122 3030 1197 3073 uera
1219 3009 1347 3073 lectime

211 3095 371 3160 interdum
392 3097 429 3159 55
449 3096 544 3160 unico
560 3094 637 3158 libro
651 3100 830 3159 remanente
852 3116 891 3159 55
911 3094 1042 3176 reliquis
1064 3095 1204 3176 eapulsa.
1249 3097 1304 3158 Ita
1318 3095 1348 3157 L

209 3181 295 3246 solus
316 3187 459 3263 repertus
480 3187 526 3248 est
547 3181 729 3244 enreudatus
751 3181 883 3264 enempli
904 3201 1005 3245 causa
1024 3184 1055 3259 2,
1071 3186 1102 3246 3.
1136 3184 1235 3260 2,18.
1270 3181 1299 3258 5,
1316 3185 1346 3244 7.

210 3268 238 3345 5,
249 3272 300 3332 11.
324 3271 375 3346 14,
387 3271 417 3332 r.
443 3272 493 3346 17,
507 3269 560 3331 30.
586 3268 639 3344 29,
652 3268 682 3330 a
710 3270 761 3344 er,
774 3270 804 3331 a.
831 3269 946 3346 eaeo.
970 3272 1086 3345 4514.
1109 3270 1226 3346 4554.
1250 3266 1345 3345 aaa,

211 3353 269 3419 OG
283 3354 343 3419 soli
358 3354 408 3432 15,
415 3356 467 3418 23.
491 3353 543 3430 35,
550 3353 603 3419 25.
641 3353 734 3417 Solus
747 3352 780 3417 K
795 3353 887 3418 babet
901 3357 954 3432 42,
968 3355 1021 3432 258
1039 3355 1158 3439 integri
1172 3375 1243 3417 cum
1258 3353 1346 3418 Ano-

210 3461 303 3523 npmo
322 3439 490 3504 Valeslano
505 3445 534 3504 et
549 3439 647 3504 classe
660 3440 800 3504 secunda
814 3441 951 3522 55555555
965 3444 1017 3519 33,
1028 3443 1071 3505 24
1088 3441 1347 3523 quintanensium

210 3532 321 3590 contra
353 3527 546 3613 quintasium
577 3525 770 3607 reliquorum
801 3529 957 3604 omnium,
987 3547 1069 3608 quae
1100 3526 1189 3591 lectio
1214 3532 1244 3590 et
1274 3527 1348 3607 ipsa

212 3613 334 3694 eprepia
362 3618 408 3678 est
435 3633 534 3695 neque
559 3611 623 3678 utu
654 3613 742 3676 modo
774 3613 819 3676 ad
851 3614 1063 3677 coniecturam
1087 3613 1206 3692 'referri
1228 3614 1348 3693 poterit

211 3699 333 3762 tradita
360 3700 396 3764 in
424 3699 501 3764 libro
531 3719 552 3762 5
579 3699 696 3763 talibus
717 3699 826 3764 nocuis
847 3700 991 3763 immuni.
1035 3699 1091 3762 Ad
1109 3700 1250 3781 pennino
1271 3699 1347 3763 baec

211 3784 419 3866 dipuoscenda
448 3787 602 3869 eprepinm
628 3784 788 3850 ancilium
815 3786 1021 3866 suppeditant
1046 3785 1161 3850 classes
1189 3791 1253 3850 tres
1273 3785 1346 3850 reli-

210 3889 291 3950 quae
314 3875 343 3934 et
363 3892 432 3936 oere
453 3874 555 3936 crisin
576 3872 732 3936 adiuuant
752 3891 817 3935 non
839 3878 906 3936 tam
926 3871 1108 3936 lectionibus
1128 3873 1189 3936 sibi
1203 3873 1349 3952 propriis

210 3977 308 4038 qutun
329 3956 385 4020 ubi
407 3957 518 4022 cbessis
533 3959 645 4039 prima
666 3957 796 4022 vacillat
817 3958 862 4022 ad
882 3958 1026 4022 55555555
1047 3958 1093 4022 ibi
1108 3960 1246 4022 traditas
1266 3963 1347 4022 recte

211 4043 442 4121 oestmromdas;
462 4043 670 4108 nibilominus
691 4064 755 4108 non
769 4044 906 4108 nimium
927 4044 978 4108 bis
997 4045 1150 4109 subsidiis
1164 4045 1347 4122 tribuemus,

160 4167 163 4174 ,
211 4151 283 4194 enm
309 4135 338 4194 et
361 4130 538 4194 testimonia
565 4130 716 4194 classium
736 4130 781 4197 ΙΙ.
797 4130 853 4195 SR
878 4152 970 4212 saepe
996 4131 1174 4196 discordent
1194 4152 1250 4196 nec
1272 4151 1347 4195 raro

210 4215 337 4296 fallant.
382 4216 519 4280 Restant
532 4216 639 4298 itaque
654 4216 714 4280 loci
727 4216 839 4299 aliqui,
863 4222 900 4280 ut
919 4220 972 4296 28,
983 4216 1036 4282 25.
1058 4220 1173 4296 38,18‚
1195 4219 1251 4282 ubi
1269 4217 1349 4298 qnid

211 4303 248 4365 in
273 4302 439 4385 archetypo
460 4302 560 4383 fuerit
582 4303 737 4385 ambipas;
767 4304 821 4367 sed
851 4304 879 4367 55
896 4305 999 4385 pauci
1027 4310 1104 4370 suut
1123 4326 1180 4369 nec
1201 4304 1348 4369 moment‘

208 4408 373 4469 macroris.
