3384 5142
323 365 415 420 XXIV
491 365 712 434 PROOEMIVM
730 366 779 420 AD
796 364 961 421 EVGIPPII
979 365 1099 420 Vluuu
1117 363 1299 419 suvuulul.

325 539 514 604 Posterioris
535 540 651 604 aetatis
672 543 816 604 auctores
837 538 883 602 ad
904 538 1004 602 crisin
1024 537 1121 603 tacut
1139 559 1206 603 non
1225 537 1363 619 facium.

324 728 472 793 Aliormn
499 727 720 793 Severinormm
744 726 952 804 dodonienses,
974 725 1234 808 Burdeqahensrs,
1256 726 1464 809 Aqaunensis

410 815 494 877 ritae
513 835 595 894 quae
616 818 727 878 eatant
740 815 868 895 passim
889 814 942 895 (ut
963 813 1000 876 in
1022 813 1204 877 hdhiothcea
1225 812 1462 891 Potthastiana,

417 899 600 982 Wequeiser
625 899 726 964 durch
754 901 805 964 die
829 898 1111 964 Gesahichtsroerhe
1137 920 1168 963 a.
1189 900 1291 978 1896)
1312 899 1463 964 adhunc

412 991 556 1051 nostrum
576 985 696 1051 relatae
716 992 793 1050 sunt
814 1006 927 1051 errore.
972 985 1276 1067 Monteoerqinensis
1302 984 1378 1050 lihri
1397 987 1465 1049 cita

414 1073 519 1137 sancti
534 1073 677 1137 Severini
690 1072 891 1155 (Bethmann
904 1072 994 1152 apud
1007 1071 1170 1137 Pertrium
1185 1072 1305 1136 Archiv
1320 1072 1371 1148 12,
1384 1070 1463 1150 531)

410 1159 545 1239 fortasse
565 1159 668 1223 nostri
689 1162 752 1239 cst;
780 1179 845 1223 non
870 1163 948 1222 sunt
968 1159 1072 1222 nostri
1091 1158 1315 1223 Bruaedemrs
1331 1157 1463 1221 2750-

408 1243 495 1309 2765
502 1267 513 1324 ;
533 1244 799 1310 Londiniensium
820 1243 1105 1312 Harleuani2800.
1126 1244 1214 1308 2802
1241 1279 1284 1292 -·
1312 1243 1464 1308 Parisini

409 1332 553 1482 ῗθίξίε-
569 1331 838 1397 Sanctomereusis
848 1333 912 1395 716
923 1369 966 1378 -
978 1330 1271 1414 Sanqauenstscoc
1286 1369 1329 1380 -
1344 1330 1461 1396 Zooett-

595 1589 823 1655 NOTITIAE
841 1589 908 1653 ΕΤ
924 1586 1195 1654 EDITIONES.

326 1706 448 1773 Rerum
472 1708 737 1774 Germmeicarum
758 1709 912 1774 studiosis
926 1714 1098 1791 postquam
1117 1708 1261 1774 Severini
1281 1709 1349 1772 rita
1370 1709 1462 1773 inno-

412 1795 490 1874 tuit,
517 1816 600 1877 qaae
626 1797 664 1860 in
690 1817 728 1860 ea
749 1800 931 1860 narrantur
952 1797 997 1860 ad
1017 1797 1147 1878 patrias
1168 1795 1378 1876 antiquitates
1399 1800 1462 1858 ret-

411 1881 560 1948 tulerunt.
609 1882 837 1947 I’estanturid
859 1887 990 1963 atquae
1015 1884 1053 1946 in
1084 1882 1242 1947 codicibus
1264 1902 1303 1945 ere
1324 1879 1464 1945 Austria

411 1967 593 2034 Bacuriaoe
615 1969 762 2034 minndis
783 1969 827 2032 ad
841 1968 980 2033 locaum
994 1968 1144 2033 voeabula
1158 1969 1285 2049 passim
1298 1967 1463 2047 reperiun-

412 2059 466 2119 tur
499 2055 679 2136 adscriptae
711 2053 938 2135 appellationes
969 2056 1154 2119 recentiores
1187 2060 1326 2134 atquae
1353 2075 1462 2118 rerum

290 2187 294 2202 .
412 2143 579 2222 scriptores
599 2140 674 2205 inde
689 2141 945 2223 adsumpserunt.
989 2141 1120 2205 Eminet
1130 2142 1214 2205 inter
1228 2141 1304 2204 haec
1319 2140 1461 2220 opinatio

411 2229 480 2291 sinc
501 2228 596 2292 dubio
616 2227 718 2308 falsa,
740 2227 796 2291 sed
812 2247 873 2307 per
893 2227 990 2290 medii
1011 2228 1082 2291 aeui
1102 2227 1230 2292 saecula
1258 2226 1321 2290 hate
1346 2246 1462 2306 sparsa

411 2314 520 2377 urbem
548 2313 641 2380 Wien
673 2317 770 2394 caput
802 2312 974 2390 Austriae,
1013 2333 1095 2391 cere,
1131 2319 1169 2377 ut
1204 2313 1295 2378 hodie
1331 2317 1462 2390 anno,

412 2399 561 2464 Rancaua
582 2404 684 2463 aetate
706 2399 825 2463 dictam
845 2398 1071 2477 Vindobonam
1094 2399 1168 2465 oiim
1188 2399 1290 2480 fuisse
1308 2398 1462 2462 Fauiana

412 2485 563 2551 Severini.
611 2485 718 2566 Coepit
738 2486 768 2549 is
790 2506 886 2562 error,
908 2486 946 2548 de
967 2505 1029 2565 quo
1050 2487 1172 2567 copiose
1185 2485 1331 2566 eaposuit
1346 2484 1462 2548 Fride·

411 2573 498 2636 ricus
518 2570 650 2636 Kenner
671 2571 854 2654 (Furianis,
877 2571 945 2635 eine
966 2570 1174 2654 Darstehhunq
1195 2573 1252 2637 der
1273 2571 1386 2637 Stddte
1407 2591 1463 2634 um

412 2659 517 2723 diesen
546 2657 604 2723 Ort
628 2659 698 2722 und
726 2658 836 2722 dessen
864 2658 959 2739 Lupe.
1018 2656 1111 2723 Wien
1133 2660 1217 2722 1880
1247 2679 1285 2723 ea
1311 2677 1463 2721 commen-

412 2746 508 2808 tariis
518 2745 678 2810 societatis
686 2745 917 2826 antiquitatum
925 2743 1234 2830 Vindobonensium),
1246 2741 1371 2808 saeculo>
1379 2743 1463 2807 XII.

413 2830 538 2896 Scilicet
558 2831 643 2894 inter
664 2830 783 2894 codices
801 2830 1024 2912 anippianos
1038 2829 1291 2911 Sahishurqensis
1311 2831 1369 2912 qui
1386 2827 1465 2913 fuit,

413 2918 503 2982 nohis
520 2917 563 2980 R³
592 2917 638 2999 (p.
656 2916 777 2995 XIX),
804 2918 944 2997 scriptus
970 2936 1049 2980 saec.
1065 2916 1155 2996 XII,
1183 2916 1286 2981 locum
1307 2915 1466 2997 Euqippii

415 3002 466 3080 15,
476 3005 535 3067 20:
557 3003 794 3084 habitaculum,
818 3003 905 3088 quod
926 3002 1072 3087 Burgum
1094 3004 1323 3090 appellabatur
1344 3002 1386 3065 ab
1410 3022 1465 3066 uc-

415 3090 503 3170 eolis,
525 3110 590 3154 uno
613 3110 632 3153 e
646 3090 797 3154 Furianis
812 3090 935 3155 dismns
951 3090 1088 3154 miliario
1110 3090 1233 3154 exhibet
1246 3089 1348 3154 oerhis
1361 3093 1467 3152 muta-

415 3177 457 3240 tis
489 3180 518 3239 et
550 3176 590 3240 ab
620 3176 688 3257 ipsa
719 3178 870 3258 scriptore
897 3175 1049 3241 achadeo
1075 3196 1097 3240 a
1126 3179 1278 3260 scriptore
1304 3174 1468 3256 archetypi

414 3263 631 3346 interpretatis
652 3263 715 3326 sic:
741 3263 1079 3388 habitafflldffmqwd
1107 3263 1252 3348 Purgum
1281 3262 1465 3348 appellatur

416 3398 457 3463 eb
492 3400 609 3464 accolis
641 3400 781 3485 quinque
812 3419 831 3462 e
860 3400 1012 3465 Furianis
1041 3400 1163 3466 distans
1196 3401 1356 3483 miliariis,
1388 3420 1470 3481 quae

414 3484 549 3566 fortasse
578 3486 718 3552 Viennae
738 3485 907 3550 Fauianae
937 3489 1194 3570 antiquissimam
1222 3488 1372 3552 notitiam
1392 3507 1469 3567 sap·

409 3572 568 3653 peditant.
616 3573 760 3654 Quarum
782 3572 819 3636 de
841 3572 904 3637 loco
917 3579 1030 3638 auctor
1043 3573 1297 3654 mtapohationis
1312 3574 1469 3655 capitanii,

415 3658 543 3723 rideant
561 3660 657 3740 quari
672 3679 779 3723 rerum
799 3657 1103 3737 Vindobonensium;
1124 3680 1225 3740 supra
1246 3660 1340 3724 ruha
1362 3659 1414 3736 15,
1426 3661 1469 3721 13

416 3743 459 3809 nd
473 3745 596 3810 Vincas
625 3745 779 3810 librarius
805 3746 977 3826 adscripsit
997 3745 1166 3811 Winberc.
1215 3744 1372 3810 Ihusdem
1392 3765 1470 3824 sup

411 3832 541 3912 parisoe
567 3833 682 3896 aetatis
713 3831 782 3897 Otto
809 3833 973 3914 episcopus
1000 3833 1220 3914 Frisinqensis
1249 3831 1410 3915 (†1158)
1433 3832 1469 3894 in

414 3919 510 4000 pestis
530 3917 692 3982 Friderici
713 3918 915 4001 imperatoris
936 3922 982 3999 (1,
997 3921 1041 3983 32
1062 3917 1147 3982 Ma.
1162 3920 1215 3996 20,
1230 3920 1314 3996 370,·
1335 3919 1375 3998 of.
1393 3919 1468 3981 item

417 4004 567 4068 chronica
581 4005 718 4069 eiusdem
732 4007 763 4082 4,
776 4007 833 4083 30)
848 4011 1000 4068 nnmmat
1021 4005 1131 4085 oppidi
1142 4004 1264 4083 Vienis,
1287 4004 1374 4090 quod
1390 4005 1468 4068 olim

418 4111 437 4154 u
452 4089 608 4155 Romanis
623 4091 834 4155 inhabitatum
849 4091 1002 4155 Furianis
1018 4091 1195 4156 dicabatur.
1239 4091 1386 4172 Demque
1401 4091 1470 4154 dua

417 4178 573 4242 Austriae
587 4176 749 4242 chricus
770 4179 807 4242 in
820 4177 934 4242 charta
955 4198 985 4241 a.
1002 4181 1087 4241 1161
1110 4179 1216 4262 (apud
1229 4177 1412 4242 Mulierum
1434 4178 1471 4241 in

416 4265 544 4346 repastis
569 4263 754 4328 chartarum
784 4263 1091 4346 Babenberqensiam
1117 4287 1150 4329 n.
1172 4267 1230 4343 51,·
1261 4285 1338 4328 nam
1367 4263 1471 4326 attera

418 4369 449 4417 a.
465 4352 551 4414 1158
577 4351 641 4431 dde
665 4354 766 4428 caret)
795 4350 839 4414 ad
863 4352 972 4416 urhem
998 4351 1215 4418 Vindobonam
1244 4351 1330 4432 quod
1355 4349 1473 4414 Scottis
