3384 5142
325 374 352 430 X
487 372 713 430 Paeonum
730 373 780 428 AD
796 372 961 430 uveffrn
977 373 1102 429 VITA!
1118 372 1301 430 euveum

325 547 411 632 quod
436 547 538 630 periti
567 545 714 612 iudicant
741 547 948 628 compositum
977 567 1043 611 esse
1067 567 1148 613 saec.
1176 547 1226 612 VI
1245 553 1389 628 camum,
1420 549 1467 613 ad

327 637 358 702 d.
381 634 434 700 VI
450 635 494 699 id.
517 634 592 699 Ian.
622 633 774 699 adnotat:
805 633 947 720 Neapoli
975 633 1122 698 Severini
1151 634 1289 700 confess.
1303 634 1466 700 Victorini

326 721 445 787 fratris.
488 719 544 784 Ea
564 720 611 784 sic
631 721 744 802 repetit
764 725 864 784 aucta
876 719 1135 804 utartyrolopium
1148 720 1275 786 Adonis
1294 742 1376 788 saec.
1391 722 1466 787 IX:

326 807 377 872 VI
397 806 442 873 id.
465 806 536 872 Ian
559 805 647 893 apud
667 805 841 893 Neapolim
864 805 1063 892 Campaniae
1090 808 1193 872 sancti
1216 808 1364 873 Severini
1387 829 1465 873 con·

328 895 459 960 sessoris
481 893 588 958 fratris
609 893 788 959 beatissimi
803 893 963 960 Victorini
978 894 1147 959 clanssimi
1160 894 1222 959 viri
1242 897 1277 958 in
1290 895 1464 961 musculis.

328 982 384 1068 qui
410 987 445 1046 et
470 980 541 1066 ipse
570 980 678 1044 fratris
707 981 851 1046 imitator
871 987 947 1068 post
969 981 1143 1045 multarum
1164 981 1319 1046 virtutum
1343 1002 1464 1134 perpe·

329 1068 503 1133 trationem
525 1067 697 1132 sanctitate
719 1068 836 1153 plenus
859 1068 983 1154 quievit
997 1068 1145 1154 sepultus
1165 1067 1199 1133 in
1219 1069 1304 1149 loco,
1326 1089 1349 1132 a
1370 1070 1465 1156 ipri-

326 1175 416 1219 mum
431 1153 723 1219 abstinentissimus
738 1175 835 1240 quam
851 1153 894 1218 ad
910 1155 1134 1241 episcopatum
1147 1159 1319 1219 vocaretur
1330 1176 1466 1221 conver·

327 1247 416 1306 satus
437 1241 554 1307 fuerat.
598 1239 689 1306 Haec
715 1241 881 1305 adnotatio
902 1240 1063 1306 ammata
1083 1241 1159 1306 inde
1183 1241 1221 1305 in
1241 1241 1467 1325 martyrolopia

327 1333 358 1393 et
379 1327 561 1410 lependaria
580 1327 760 1407 posteriora
781 1327 937 1411 pleraque
964 1325 1024 1411 (af.
1046 1333 1121 1392 acta
1147 1332 1249 1395 saud.
1270 1329 1345 1394 Ian.
1371 1327 1466 1393 ool.1

320 1435 358 1495 a
373 1414 527 1498 raam.)
549 1419 656 1494 aare
675 1413 794 1493 ruat
815 1434 855 1478 u
881 1414 949 1478 aa
972 1413 1116 1479 surm
1136 1413 1360 1498 numm,
1385 1433 1468 1496 cuae

329 1499 490 1582 5418119
511 1499 654 1564 muniuit
673 1497 809 1564 Victoris
828 1501 966 1581 episcopi
986 1499 1195 1581 Neapolitani
1215 1500 1333 1564 mutati
1353 1500 1406 1565 lic
1430 1501 1468 1565 in

326 1586 468 1653 Smaini
488 1584 622 1666 fratrem
643 1583 850 1652 Victorinum.
901 1586 957 1650 En
982 1586 1090 1652 eadem
1110 1586 1260 1651 ridentur
1285 1592 1381 1651 erata
1402 1607 1468 1652 esse

327 1678 402 1738 acta
421 1671 563 1753 fratrmu
584 1671 729 1736 Severini
749 1677 779 1760 et
805 1671 963 1738 Victorini
983 1671 1301 1754 Smumpedanomrm
1322 1674 1410 1738 edita
1431 1673 1467 1737 in

327 1760 409 1824 actm
421 1763 605 1823 sanctorum
626 1757 647 1822 l.
666 1779 694 1822 c.
715 1763 886 1823 etservata
907 1764 938 1823 et
958 1760 996 1823 in
1015 1758 1093 1823 aliis
1113 1759 1205 1824 latria
1225 1764 1256 1824 et
1275 1759 1314 1823 in
1327 1758 1467 1824 Bmauel·

327 1844 408 1910 aust
429 1843 688 1910 18644-18652
714 1864 795 1910 saec.
812 1845 893 1911 ΧΠ
909 1843 968 1930 (af.
990 1845 1084 1911 catal.
1112 1845 1200 1911 codd.
1228 1845 1367 1929 tapiopr.
1394 1844 1466 1911 aaz.

326 1931 433 1997 Brun
455 1929 512 1996 ool.
527 1933 550 1995 2
564 1950 602 2012 p.
617 1933 707 2010 423).

415 2016 612 2082 Paschasius
633 2017 796 2094 diaconus,
819 2015 865 2080 ad
884 2038 976 2098 quen
997 2022 1104 2098 utpote
1124 2018 1162 2083 in
1183 2017 1299 2082 Meris
1318 2015 1466 2083 aream

328 2109 389 2169 tem
416 2103 600 2185 Eupippirrs
629 2103 888 2168 commentarium
914 2104 999 2168 luna
1026 2105 1114 2169 misit
1142 2104 1372 2186 sepeliendum,
1394 2104 1466 2168 dra-

330 2211 428 2255 conus
456 2195 503 2254 est
531 2188 676 2255 creusae
699 2189 879 2268 Rornanae,
905 2196 1031 2267 auctm,
1053 2195 1092 2254 ut
1112 2191 1161 2255 ait
1185 2189 1358 2274 Greporius
1378 2211 1466 2272 maa

327 2297 391 2340 nus
425 2275 517 2360 (dial.
539 2279 570 2354 4,
585 2277 653 2355 40),
686 2275 760 2340 lulrri
792 2276 851 2357 qui
883 2281 971 2341 catat
1002 2277 1040 2340 de
1069 2277 1190 2358 spiritu
1218 2283 1327 2342 sancto
1356 2281 1468 2342 contra

328 2361 555 2427 Macedonium
576 2363 703 2445 (Mipne
724 2360 1032 2446 ool.62p.1-40)
1060 2367 1090 2427 et
1118 2364 1157 2428 in
1188 2363 1356 2429 sclisurate
1383 2363 1469 2427 ieter

329 2447 544 2513 Laurentium
565 2454 595 2513 et
610 2447 835 2531 Symmachum
856 2447 947 2513 illisas
963 2448 1079 2534 fautor
1093 2450 1277 2529 martarus,
1298 2449 1469 2530 defensatus

327 2535 396 2600 ciro
411 2533 596 2618 Symmaclo
610 2536 648 2620 (†
662 2534 750 2617 514).

665 2712 719 2786 ΙΙ.
745 2712 906 2786 LIBRI
925 2711 1139 2786 SCRIPTI.

783 2859 972 2927 OLASSIS
993 2861 1022 2927 Ι.

419 2981 643 3050 Consularium
669 2982 859 3048 Italicorum
889 2981 1056 3064 reliquiae,
1085 3002 1168 3064 quae
1197 2982 1468 3063 circumferuntur

329 3070 387 3135 sui>
414 3070 540 3135 nomine
565 3069 727 3152 Anonymi
751 3067 928 3147 Valesiani,
952 3074 1056 3134 aetate
1075 3070 1144 3133 vita
1164 3073 1275 3132 nostra
1300 3089 1366 3133 non
1387 3068 1468 3134 mul-

330 3162 398 3221 tum
420 3156 625 3238 posteriores,
660 3154 736 3220 iaec
767 3155 882 3220 labent
911 3153 1034 3239 (chron.
1057 3157 1135 3222 min.
1158 3155 1204 3220 ed.
1231 3176 1318 3220 unae
1342 3176 1377 3235 p.
1392 3158 1467 3222 314.

331 3241 411 3323 315)
433 3242 508 3307 inde
530 3247 684 3325 excerpta.
707 3280 749 3289 -
772 3241 823 3306 De
847 3262 911 3327 quo
934 3240 1139 3327 (odoacare),
1161 3241 1266 3320 aiunt,
1281 3242 1328 3306 ita
1342 3243 1468 3307 inveni·

333 3335 386 3394 tur
405 3329 439 3393 in
460 3328 551 3393 libris
571 3328 658 3393 vitae
687 3328 777 3393 beati
800 3327 948 3394 Severini
970 3329 1120 3396 monachi
1149 3329 1233 3392 intra
1255 3328 1466 3411 Pannoniam,

333 3416 389 3502 qui
411 3435 486 3480 eum
508 3414 675 3479 admonuit
705 3421 738 3479 et
767 3413 932 3501 praedixit
961 3435 1097 3501 regnum
1127 3415 1197 3479 eius
1227 3415 1379 3482 futurum.
1422 3416 1469 3480 ita

332 3502 479 3588 repperis
501 3501 545 3566 ad
565 3502 686 3567 locum:
717 3500 849 3602 quidam
870 3502 1002 3567 barbari
1023 3501 1090 3584 (18,
1102 3503 1155 3568 23.
1168 3502 1239 3585 24).
1267 3550 1275 3564 .
1298 3551 1306 3565 .
1330 3553 1337 3566 .
1368 3502 1467 3587 largi-

331 3594 421 3652 turus
441 3588 511 3671 (19,
523 3586 602 3672 213).
639 3589 769 3652 interim
784 3593 820 3652 ut
836 3587 891 3652 dei
904 3587 1044 3653 famulus
1063 3589 1096 3652 ei
1109 3587 1329 3674 praedixerat,
1342 3609 1421 3653 mox
1434 3588 1469 3653 in

330 3675 460 3740 Italiam
481 3674 645 3760 ingressus
661 3680 720 3757 est,
743 3694 881 3760 regnum
896 3676 1032 3761 accepit.
1076 3673 1193 3739 eodem
1208 3680 1357 3760 tempore
1374 3673 1465 3740 Odo-

332 3781 408 3826 acar
440 3780 501 3824 rex
533 3782 658 3826 memor
690 3761 810 3842 factus,
845 3761 933 3847 quod
965 3782 985 3826 a
1017 3761 1085 3826 viro
1123 3766 1234 3826 sancto
1267 3760 1469 3848 praedictum

333 3846 496 3927 audierat,
525 3849 634 3912 statim
656 3848 832 3913 familiares
854 3849 979 3913 litteras
1009 3848 1051 3912 ad
1079 3867 1154 3912 eum
1185 3846 1327 3932 dirigens
1349 3848 1416 3930 (41,
1431 3849 1469 3931 4)

333 3983 393 4001 ...
416 3933 582 4019 optionem
604 3935 671 4016 (41,
689 3936 735 4012 5).
780 3954 860 4019 ergo
882 3936 931 4000 vir
958 3933 1013 3999 dei
1040 3935 1137 3998 tantis
1159 3933 1270 4018 itaque
1294 3935 1364 3999 eius
1386 3935 1468 3999 allo-

335 4020 417 4107 quiis
468 4039 504 4083 er
529 4019 654 4084 litteras
683 4021 836 4085 invitatis
851 4021 918 4105 (41,
935 4023 970 4103 7)
993 4069 1052 4087 ...
1074 4021 1241 4106 imperetis
1260 4021 1328 4104 (41,
1342 4021 1411 4103 8(9)
1441 4024 1472 4084 et

325 4111 402 4188 post
456 4106 507 4169 ia:
530 4104 671 4193 quodam
693 4113 841 4193 tempore
865 4111 932 4185 (41,
948 4109 984 4189 9)
1008 4156 1066 4172 ...
1088 4108 1178 4183 42,3
1199 4107 1392 4193 significans.

418 4190 546 4256 Paulus
567 4193 723 4257 diaconus
737 4192 880 4259 Severini
900 4195 999 4258 citam
1022 4193 1169 4258 adiuuit
1190 4199 1257 4258 tam
1277 4194 1315 4257 in
1335 4192 1472 4257 latoria

333 4280 483 4345 Rouana
506 4279 556 4356 15,
573 4279 593 4341 9
615 4279 697 4362 (nisi
717 4278 774 4345 icoc
795 4279 861 4345 loco
879 4301 960 4344 usus
981 4285 1027 4344 est
1048 4280 1202 4360 coemptis
1217 4279 1307 4345 modo
1329 4277 1472 4344 laudmis

333 4387 373 4430 en
386 4363 607 4432 consularibus
618 4364 757 4449 Italicis)
768 4387 866 4448 quam
881 4367 918 4431 in
931 4367 1067 4432 historia
1079 4366 1361 4449 Lanpobartlorum
1375 4369 1405 4444 1,
1418 4364 1470 4428 19.
