3384 5142
334 390 369 444 28
827 392 981 444 EVGIPPH

295 564 501 630 atracinus
525 561 611 628 tuis’.
655 568 689 627 at
716 563 774 629 ubi
803 564 916 628 oculos
939 561 1112 627 defunctus
1135 565 1273 648 aperuit,
1295 563 1354 628 uix
1399 583 1469 628 rae·

337 651 485 716 sentibus
507 649 605 714 homo
630 648 683 714 dei
705 655 816 715 tacere
840 671 920 736 prae
943 647 1062 734 gaudio
1085 650 1259 736 persuasit.
1305 655 1340 715 et
1383 670 1468 715 enno

336 738 379 802 ad
402 759 492 802 eum:
518 734 589 800 ‘uis’
613 735 719 821 inquit
741 739 904 821 ‘rogemus
928 734 1105 816 dominum,
1128 742 1164 800 ut
1185 741 1218 800 tc
1241 735 1348 801 adhuc
1364 737 1469 802 semis

337 825 417 889 ‘suis
440 824 474 887 in
496 823 558 888 hac
580 823 649 886 uita
672 822 859 887 condonare
882 819 1069 908 dignetnr’?
1092 828 1127 885 at
1149 822 1207 886 ille
1231 823 1293 886 ait:
1317 825 1387 908 ‘per
1408 822 1468 886 do·

338 912 471 974 ‘minum
494 915 528 975 te
552 910 692 989 coniuro,
720 930 762 974 ne
784 908 839 973 hio
862 909 986 974 diutius
1009 915 1125 973 tenear
1146 914 1181 972 et
1203 908 1336 974 frauder
1357 909 1467 994 quiete
1496 931 1509 970 a

293 1010 313 1071 6
337 1002 514 1084 perpetua,
543 997 577 1060 in
606 1016 671 1079 qua
698 1016 750 1060 me
782 1017 857 1060 esse
885 991 1081 1060 cernebam’.
1138 995 1312 1081 statimque
1341 994 1470 1060 reddita

336 1085 484 1148 oratione
518 1083 642 1168 quieuit
676 1083 844 1147 exanimis.
899 1083 962 1146 hoc
995 1088 1107 1146 autem
1133 1082 1256 1146 factum
1286 1083 1334 1146 ita
1365 1081 1470 1146 sancti

337 1169 487 1235 Seuerini
509 1167 715 1234 adiuratione
739 1170 881 1233 celatum
904 1173 965 1248 est,
990 1172 1126 1232 utente
1149 1174 1287 1233 mortem
1311 1169 1380 1232 eius
1403 1188 1469 1232 non

335 1257 494 1342 potuisset
516 1255 667 1340 agnosci:
694 1275 755 1340 ego
784 1261 898 1320 tamen
920 1255 1009 1338 baec
1033 1275 1116 1340 quae
1143 1255 1243 1320 retuli
1264 1253 1368 1319 Marci
1391 1255 1469 1320 snb-

336 1343 467 1408 diaooni
497 1346 531 1407 et
552 1339 695 1406 Materni
722 1342 870 1406 ianitoris
902 1341 1059 1406 relatione
1084 1341 1233 1425 cognoui.
1277 1361 1354 1405 nam
1376 1360 1467 1426 pres·
1487 1362 1513 1401 ro

338 1429 435 1516 byter
458 1432 492 1493 et
521 1427 689 1505 diaconus,
718 1428 802 1492 tanti
828 1432 933 1492 testes
957 1428 1115 1507 miraculi,
1142 1434 1219 1492 ante
1241 1427 1350 1491 uirum
1372 1448 1468 1491 sanc-

336 1523 416 1594 tum,
440 1515 493 1579 oui
514 1513 703 1579 iurauerant
717 1515 798 1579 nulli
816 1534 853 1578 se
870 1512 954 1599 quod
970 1513 1122 1588 uiderant
1139 1513 1335 1600 prodituros,
1359 1514 1470 1579 obisse

335 1607 524 1666 noscuntur.

298 1697 313 1756 1
420 1685 528 1751 XVII.
550 1685 685 1751 Talibus
709 1685 809 1770 igitur
829 1685 948 1750 beatus
972 1686 1150 1751 Seuerinus
1174 1707 1233 1772 per
1249 1683 1372 1750 Christi
1394 1707 1470 1771 gra-

334 1774 414 1838 tiam
443 1772 631 1838 muneribns
661 1772 834 1857 opulentus
862 1772 1066 1858 captiuorum
1094 1774 1193 1838 etiam
1224 1793 1468 1858 egenorumque
1488 1796 1512 1836 rs

333 1864 459 1926 tantam
494 1879 605 1923 curam
637 1858 785 1943 ingenita
813 1858 877 1924 sibi
906 1859 1030 1944 pietate
1061 1865 1268 1945 susceperat,
1297 1866 1335 1923 ut
1364 1879 1470 1946 paene
1538 1937 1542 1947 ι

335 1967 448 2011 omnes
470 1967 530 2032 per
551 1946 707 2014 uniuersa
730 1945 851 2031 oppida
872 1946 929 2011 uel
952 1947 1090 2011 castella
1112 1965 1277 2032 pauperes
1299 1945 1404 2029 ipsius
1420 1947 1470 2009 in·

335 2032 459 2097 dustria
481 2037 711 2118 pascerentur:
735 2031 854 2116 quibus
877 2038 944 2098 tam
968 2032 1057 2098 laeta
1070 2031 1289 2098 sollicitudine
1305 2032 1470 2096 ministra·

335 2121 401 2199 bat,
424 2124 460 2184 ut
482 2125 560 2183 tuno
584 2138 619 2182 se
643 2115 792 2182 crederet
813 2118 1038 2183 tantummodo
1063 2119 1205 2185 saturari
1227 2115 1471 2183 uel'abundare

335 2206 428 2270 bonis
453 2204 613 2283 omnibus,
638 2202 768 2288 quando
791 2203 928 2270 uidebat
951 2213 1106 2290 egentum
1128 2225 1267 2290 corpora
1283 2204 1472 2270 sustentari.
1489 2227 1516 2268 ao

293 2297 369 2358 ner
404 2312 478 2356 cum
515 2291 587 2376 ipse
623 2289 903 2355 hebdomadarum
942 2291 1140 2356 continuatis
1172 2291 1303 2356 ieiuniis
1337 2291 1472 2356 minime

335 2377 559 2462 frangeretur,
582 2382 693 2440 tamen
717 2377 825 2441 esurie
847 2379 1041 2442 miserorum
1064 2399 1100 2443 se
1123 2377 1282 2444 credebat
1303 2377 1471 2442 afflictum.

336 2466 428 2529 ouius
461 2461 667 2548 largitionem
696 2469 764 2527 tam
792 2464 881 2548 piam
909 2463 943 2528 in
972 2485 1135 2550 pauperes
1166 2465 1297 2549 plurimi
1326 2471 1472 2528 oontem-

334 2551 480 2638 plantes,
514 2550 662 2634 quamuis
692 2571 735 2614 ex
766 2548 846 2614 duro
880 2549 1094 2616 barbarorum
1124 2551 1261 2637 imperio
1289 2551 1385 2615 famis
1414 2571 1472 2615 an-

335 2638 460 2722 gustias
495 2635 713 2714 sustinerent,
747 2634 959 2702 deuotissime
993 2636 1123 2722 frugum
1158 2658 1290 2703 suarum
1325 2637 1470 2702 decimas
1487 2661 1513 2702 rs

334 2723 535 2873 pauperibus
558 2721 803 2808 impendebant.
849 2723 934 2808 qnod
967 2723 1158 2789 mandatnm
1179 2725 1258 2789 licet
1280 2725 1406 2788 cunctis
1428 2745 1472 2788 ex

349 2831 410 2895 ege
440 2809 646 2874 notissimum
669 2809 721 2889 sit,
749 2815 861 2874 tamen
890 2810 984 2894 quasi
1006 2830 1049 2874 ex
1079 2831 1134 2874 ore
1157 2810 1266 2896 angeli
1288 2811 1472 2896 praesentis

293 2897 313 2959 3
335 2895 495 2976 audirent,
518 2903 613 2980 grata
635 2894 810 2960 deuotione
835 2895 1023 2961 seruabant.
1067 2897 1170 2982 frigus
1194 2917 1322 2983 qnoque
1345 2898 1398 2962 uir
1419 2895 1473 2962 dei

335 2988 463 3048 tantum
490 2983 524 3046 in
557 2982 705 3047 nuditate
735 3003 916 3068 pauperum
944 2982 1123 3066 sentiebat,
1155 2983 1317 3085 siquidem
1345 2983 1473 3069 specia—
1579 2991 1584 2997 “
1678 2985 1683 2999 “

335 3071 411 3134 liter
433 3089 452 3132 a
475 3066 538 3134 deo
560 3075 769 3155 perceperat,
792 3075 830 3132 ut
858 3069 892 3132 in
913 3068 1125 3154 frigidissima
1151 3091 1302 3155 regrone,
1329 3068 1471 3133 mirabili
1489 3090 1515 3131 sc

294 3155 537 3221 labstinentia
570 3156 764 3239 castigatus,
798 3155 893 3220 fortis
916 3161 961 3219 -et
993 3157 1103 3220 alacer
1135 3161 1352 3242 permaneret.
1412 3175 1471 3242 pro

336 3240 472 3306 decimis
494 3245 615 3322 autem,
638 3247 675 3306 ut
697 3240 849 3320 diximus,
871 3241 999 3323 dandis,
1023 3243 1139 3328 quibus
1162 3263 1327 3329 pauperes
1342 3243 1471 3307 aleren-

422 3405 578 3471 1(nrrco).
597 3404 783 3472 rrlrnsn).
803 3402 880 3472 sor
891 3405 1009 3472 aena).
1028 3403 1152 3475 novem
1164 3406 1281 3474 ausa).

423 3543 489 3595 lat
509 3545 556 3596 ubi
578 3543 637 3605 (ons.
658 3540 718 3610 6⁵)]
740 3549 766 3596 et
786 3544 873 3596 subito
895 3542 941 3595 SR
965 3542 1005 3608 (at
1027 3544 1073 3595 ubi
1095 3561 1120 3596 o.
1143 3544 1167 3595 d.
1190 3559 1232 3610 ap.
1255 3560 1302 3595 om.
1324 3541 1373 3609 13¹)
1430 3543 1473 3595 de·

335 3615 439 3664 functos
456 3611 488 3662 N
540 3609 596 3680 uix]
618 3614 665 3664 nix
682 3629 745 3665 nero
768 3611 815 3664 SR
910 3611 1006 3679 2prae
1024 3613 1104 3680 gaud.
1121 3619 1172 3666 tac.
1190 3612 1225 3663 M
1307 3610 1464 3680 drogemns

336 3689 366 3733 ut
383 3699 403 3732 r.
421 3679 509 3734 Laod
562 3679 702 3748 dominum]
727 3683 804 3733 deum
824 3681 859 3731 M
908 3679 1001 3749 sernia]
1023 3682 1051 3733 in
1073 3684 1157 3734 seruis
1179 3681 1240 3732 A,
1292 3679 1463 3735 doemebam

335 3753 388 3802 iarn
410 3752 546 3804 cernebam
563 3751 589 3802 B
674 3747 881 3816 Badimatione]
906 3752 1050 3803 diui-atione
1066 3751 1091 3801 L
1143 3759 1183 3803 cst
1206 3767 1256 3803 orn.
1274 3749 1327 3801 NA
1415 3749 1457 3816 911

337 3818 497 3884 subdiaconi]
511 3819 600 3884 ΜΒ,
619 3821 721 3872 diaoom
742 3819 777 3870 II
844 3819 878 3870 10
894 3817 1012 3886 materni]
1030 3819 1121 3883 Lon,
1138 3822 1244 3873 martini
1261 3821 1299 3871 ΙΙ
1345 3817 1475 3941 ianitoris}

336 3889 460 3956 genitoris
478 3888 509 3938 N
592 3888 668 3949 11112
686 3897 806 3941 sanctum
823 3890 911 3941 uirum
928 3888 964 3939 M
1047 3887 1082 3940 14
1097 3891 1262 3942 beatissimus
1279 3889 1315 3940 M
1398 3887 1457 3952 1411

337 3958 390 4009 chr.
405 3955 454 4024 gn]
472 3976 512 4025 gr.
529 3958 582 4010 chr.
600 3957 631 4009 K
715 3957 747 4010 16
764 3960 907 4026 ingenitam
924 3958 955 4010 K
1039 3957 1071 4010 19
1088 3958 1207 4027 saturari]
1225 3959 1321 4012 saluari
1337 3958 1373 4010 Μ
1429 3959 1474 4010 ha-

337 4027 495 4090 bundariM
567 4025 795 4092 20egenoiumM
865 4025 899 4077 21
911 4023 1046 4094 cumipse]
1059 4028 1190 4095 Kaeso,
1208 4047 1268 4082 cum
1279 4027 1360 4080 LII
1400 4029 1475 4080 abdo

338 4113 438 4148 marum
451 4097 489 4147 Α1
558 4094 592 4148 23
611 4096 790 4164 largiotionem
802 4096 847 4159 13¹,
866 4097 1025 4163 largitioram
1040 4097 1118 4148 GNA
1199 4097 1234 4151 24
1251 4099 1358 4164 imperio
1375 4114 1425 4148 orn.
1444 4096 1480 4147 Μ

338 4164 417 4231 24125
428 4161 570 4232 angustias]
582 4165 613 4215 K
616 4164 744 4232 rNAsR,
757 4183 792 4218 an
830 4167 907 4218 stiam
923 4165 1000 4231 LOG,
1012 4167 1112 4234 inopias
1124 4170 1258 4236 angustias
1271 4167 1307 4217 Μ
1377 4164 1411 4217 25
1423 4168 1476 4218 frn-

338 4232 410 4303 gum]
429 4234 488 4287 LK.
497 4233 539 4299 11,
557 4241 645 4286 tamen
661 4237 767 4302 frugum
804 4234 876 4288 GSB
943 4234 977 4287 27
995 4236 1158 4288 notissimum
1170 4235 1212 4304 sit]
1227 4233 1358 4300 Konna,
1375 4236 1477 4287 notissi-

338 4323 410 4356 mum
421 4303 502 4355 LII
553 4305 694 4370 praesentis
711 4321 760 4358 em.
777 4304 813 4355 Μ
882 4302 917 4355 29
934 4306 1079 4358 sentiebant
1095 4306 1138 4356 K·
1215 4303 1294 4370 29130
1310 4321 1326 4355 a
1342 4305 1391 4356 deo
1408 4321 1476 4372 apso.

338 4382 474 4442 acceperat
485 4372 519 4423 Μ
602 4371 636 4424 31
654 4369 823 4441 permaneret]
842 4373 930 4440 LSR,
948 4381 1064 4427 maneret
1081 4374 1119 4425 II
