<?xml version="1.0" encoding="UTF-8"?>
<!DOCTYPE html PUBLIC "-//W3C//DTD XHTML 1.0 Transitional//EN"
    "http://www.w3.org/TR/xhtml1/DTD/xhtml1-transitional.dtd">
<html xmlns="http://www.w3.org/1999/xhtml" xml:lang="en" lang="en">
 <head>
  <title>
</title>
<meta http-equiv="Content-Type" content="text/html;charset=utf-8" />
  <meta name='ocr-system' content='tesseract 3.04.00' />
  <meta name='ocr-capabilities' content='ocr_page ocr_carea ocr_par ocr_line ocrx_word'/>
</head>
<body>
  <div class='ocr_page' id='page_1' title='image "./evgippiivitasev00mommgoog/evgippiivitasev00mommgoog_0016.png"; bbox 0 0 3384 5142; ppageno 0'>
   <div class='ocr_carea' id='block_1_1' title="bbox 320 381 1303 440">
    <p class='ocr_par' dir='ltr' id='par_1_1' title="bbox 320 381 1303 440">
     <span class='ocr_line' id='line_1_1' title="bbox 320 381 1303 440; baseline 0.002 -4"><span class='ocrx_word' id='word_1_1' title='bbox 320 381 375 438; x_wconf 90' lang='lat' dir='ltr'><strong>XII</strong></span> <span class='ocrx_word' id='word_1_2' title='bbox 489 381 712 438; x_wconf 82' lang='lat' dir='ltr'><strong><em>PROOEMIVM</em></strong></span> <span class='ocrx_word' id='word_1_3' title='bbox 730 383 780 438; x_wconf 76' lang='lat' dir='ltr'><strong>Ao</strong></span> <span class='ocrx_word' id='word_1_4' title='bbox 798 383 964 440; x_wconf 82' lang='lat' dir='ltr'><strong><em>EVGIPPII</em></strong></span> <span class='ocrx_word' id='word_1_5' title='bbox 981 382 1102 438; x_wconf 80' lang='lat' dir='ltr'><strong><em>VITAM</em></strong></span> <span class='ocrx_word' id='word_1_6' title='bbox 1119 382 1303 438; x_wconf 80' lang='lat' dir='ltr'><strong><em>SEVERINI.</em></strong></span> 
     </span>
    </p>
   </div>
   <div class='ocr_carea' id='block_1_2' title="bbox 322 555 1464 914">
    <p class='ocr_par' dir='ltr' id='par_1_2' title="bbox 322 555 1464 727">
     <span class='ocr_line' id='line_1_2' title="bbox 322 555 1464 641; baseline 0.003 -21"><span class='ocrx_word' id='word_1_7' title='bbox 322 555 540 641; x_wconf 87' lang='lat' dir='ltr'><strong>presbiterum</strong></span> <span class='ocrx_word' id='word_1_8' title='bbox 569 557 639 620; x_wconf 90' lang='lat' dir='ltr'><strong>sine</strong></span> <span class='ocrx_word' id='word_1_9' title='bbox 660 557 897 638; x_wconf 79' lang='lat' dir='ltr'><strong>subscriptione.</strong></span> <span class='ocrx_word' id='word_1_10' title='bbox 942 555 1093 639; x_wconf 83' lang='lat' dir='ltr'><strong>Sequitur</strong></span> <span class='ocrx_word' id='word_1_11' title='bbox 1120 559 1188 622; x_wconf 82' lang='lat' dir='ltr'><strong>eila</strong></span> <span class='ocrx_word' id='word_1_12' title='bbox 1209 558 1317 622; x_wconf 89' lang='lat' dir='ltr'><strong>sancti</strong></span> <span class='ocrx_word' id='word_1_13' title='bbox 1337 557 1464 623; x_wconf 83' lang='lat' dir='ltr'><strong>Hilarii</strong></span> 
     </span>
     <span class='ocr_line' id='line_1_3' title="bbox 323 642 729 727; baseline 0.01 -22"><span class='ocrx_word' id='word_1_14' title='bbox 323 642 460 724; x_wconf 75' lang='lat' dir='ltr'><em>episcopi</em></span> <span class='ocrx_word' id='word_1_15' title='bbox 481 649 511 706; x_wconf 91' lang='lat' dir='ltr'><strong>et</strong></span> <span class='ocrx_word' id='word_1_16' title='bbox 532 642 729 727; x_wconf 77' lang='lat' dir='ltr'><strong>confessoris.</strong></span> 
     </span>
    </p>

    <p class='ocr_par' dir='ltr' id='par_1_3' title="bbox 324 743 1463 914">
     <span class='ocr_line' id='line_1_4' title="bbox 412 743 1463 832; baseline -0.001 -21"><span class='ocrx_word' id='word_1_17' title='bbox 412 745 550 812; x_wconf 78' lang='lat' dir='ltr'><strong>Casinas</strong></span> <span class='ocrx_word' id='word_1_18' title='bbox 573 747 637 809; x_wconf 83' lang='lat'><strong>139</strong></span> <span class='ocrx_word' id='word_1_19' title='bbox 664 766 745 810; x_wconf 86' lang='lat' dir='ltr'><strong>suec.</strong></span> <span class='ocrx_word' id='word_1_20' title='bbox 760 745 819 812; x_wconf 89' lang='lat' dir='ltr'><strong>XI</strong></span> <span class='ocrx_word' id='word_1_21' title='bbox 843 746 932 830; x_wconf 78' lang='lat' dir='ltr'><strong>(bill.</strong></span> <span class='ocrx_word' id='word_1_22' title='bbox 959 746 1068 812; x_wconf 81' lang='lat' dir='ltr'><strong>Oasin.</strong></span> <span class='ocrx_word' id='word_1_23' title='bbox 1097 743 1155 812; x_wconf 90' lang='lat' dir='ltr'><strong>ool.</strong></span> <span class='ocrx_word' id='word_1_24' title='bbox 1179 747 1202 809; x_wconf 89' lang='lat'><em>3</em></span> <span class='ocrx_word' id='word_1_25' title='bbox 1226 766 1264 826; x_wconf 90' lang='lat' dir='ltr'><strong>p.</strong></span> <span class='ocrx_word' id='word_1_26' title='bbox 1284 744 1360 813; x_wconf 80' lang='lat'><strong><em>258.</em></strong></span> <span class='ocrx_word' id='word_1_27' title='bbox 1382 746 1463 832; x_wconf 78' lang='lat'><em>259)</em></span> 
     </span>
     <span class='ocr_line' id='line_1_5' title="bbox 324 831 1462 914; baseline 0.003 -18"><span class='ocrx_word' id='word_1_28' title='bbox 324 833 467 897; x_wconf 88' lang='lat' dir='ltr'><strong>cmoonit</strong></span> <span class='ocrx_word' id='word_1_29' title='bbox 494 853 567 896; x_wconf 94' lang='lat' dir='ltr'><strong>cum</strong></span> <span class='ocrx_word' id='word_1_30' title='bbox 590 831 616 897; x_wconf 82' lang='lat' dir='ltr'><strong>(l</strong></span> <span class='ocrx_word' id='word_1_31' title='bbox 642 837 763 910; x_wconf 89' lang='lat' dir='ltr'><strong>nostro,</strong></span> <span class='ocrx_word' id='word_1_32' title='bbox 793 834 860 897; x_wconf 92' lang='lat' dir='ltr'><strong>nisi</strong></span> <span class='ocrx_word' id='word_1_33' title='bbox 884 833 968 914; x_wconf 82' lang='lat' dir='ltr'><strong>quod</strong></span> <span class='ocrx_word' id='word_1_34' title='bbox 996 833 1082 897; x_wconf 79' lang='lat' dir='ltr'><strong>abest</strong></span> <span class='ocrx_word' id='word_1_35' title='bbox 1102 833 1142 900; x_wconf 84' lang='lat' dir='ltr'><strong>ab</strong></span> <span class='ocrx_word' id='word_1_36' title='bbox 1164 852 1198 897; x_wconf 90' lang='lat' dir='ltr'><strong>eo</strong></span> <span class='ocrx_word' id='word_1_37' title='bbox 1221 832 1317 897; x_wconf 79' lang='lat' dir='ltr'><strong>imolen</strong></span> <span class='ocrx_word' id='word_1_38' title='bbox 1338 834 1462 914; x_wconf 82' lang='lat' dir='ltr'><strong>sopitu-</strong></span> 
     </span>
    </p>
   </div>
   <div class='ocr_carea' id='block_1_3' title="bbox 324 918 1464 1086">
    <p class='ocr_par' dir='ltr' id='par_1_4' title="bbox 324 918 1464 1086">
     <span class='ocr_line' id='line_1_6' title="bbox 324 918 1464 999; baseline 0.003 -17"><span class='ocrx_word' id='word_1_39' title='bbox 324 918 438 986; x_wconf 92' lang='lat' dir='ltr'><strong>lorum.</strong></span> <span class='ocrx_word' id='word_1_40' title='bbox 481 919 537 984; x_wconf 85' lang='lat' dir='ltr'><strong>Arl</strong></span> <span class='ocrx_word' id='word_1_41' title='bbox 557 919 714 999; x_wconf 74' lang='lat' dir='ltr'><strong>specimen</strong></span> <span class='ocrx_word' id='word_1_42' title='bbox 734 925 879 984; x_wconf 90' lang='lat' dir='ltr'><strong>nostrum</strong></span> <span class='ocrx_word' id='word_1_43' title='bbox 900 919 1034 985; x_wconf 90' lang='lat' dir='ltr'><strong>collatus</strong></span> <span class='ocrx_word' id='word_1_44' title='bbox 1048 940 1120 983; x_wconf 91' lang='lat' dir='ltr'><strong>cum</strong></span> <span class='ocrx_word' id='word_1_45' title='bbox 1133 918 1221 983; x_wconf 87' lang='lat' dir='ltr'><strong>nullo</strong></span> <span class='ocrx_word' id='word_1_46' title='bbox 1244 918 1308 984; x_wconf 91' lang='lat' dir='ltr'><strong>loeo</strong></span> <span class='ocrx_word' id='word_1_47' title='bbox 1322 920 1464 985; x_wconf 81' lang='lat' dir='ltr'><strong>discedat</strong></span> 
     </span>
     <span class='ocr_line' id='line_1_7' title="bbox 324 1004 1463 1086; baseline 0.003 -16"><span class='ocrx_word' id='word_1_48' title='bbox 324 1005 364 1070; x_wconf 83' lang='lat' dir='ltr'><strong>ab</strong></span> <span class='ocrx_word' id='word_1_49' title='bbox 387 1004 450 1083; x_wconf 88' lang='lat' dir='ltr'><strong>illo,</strong></span> <span class='ocrx_word' id='word_1_50' title='bbox 473 1026 537 1070; x_wconf 91' lang='lat' dir='ltr'><strong>non</strong></span> <span class='ocrx_word' id='word_1_51' title='bbox 557 1010 716 1086; x_wconf 89' lang='lat' dir='ltr'><strong>comparet</strong></span> <span class='ocrx_word' id='word_1_52' title='bbox 737 1006 774 1070; x_wconf 92' lang='lat' dir='ltr'><strong>in</strong></span> <span class='ocrx_word' id='word_1_53' title='bbox 794 1011 967 1086; x_wconf 81' lang='lat' dir='ltr'><strong>apparatu,</strong></span> <span class='ocrx_word' id='word_1_54' title='bbox 990 1007 1116 1070; x_wconf 89' lang='lat' dir='ltr'><strong>omnino</strong></span> <span class='ocrx_word' id='word_1_55' title='bbox 1138 1005 1316 1086; x_wconf 83' lang='lat' dir='ltr'><strong>descriptus</strong></span> <span class='ocrx_word' id='word_1_56' title='bbox 1337 1027 1377 1070; x_wconf 81' lang='lat' dir='ltr'><strong>eu</strong></span> <span class='ocrx_word' id='word_1_57' title='bbox 1396 1006 1463 1073; x_wconf 90' lang='lat' dir='ltr'><strong>illo.</strong></span> 
     </span>
    </p>
   </div>
   <div class='ocr_carea' id='block_1_4' title="bbox 272 1107 1464 1191">
    <p class='ocr_par' dir='ltr' id='par_1_5' title="bbox 272 1107 1464 1191">
     <span class='ocr_line' id='line_1_8' title="bbox 272 1107 1464 1191; baseline 0.002 -20"><span class='ocrx_word' id='word_1_58' title='bbox 272 1111 297 1164; x_wconf 76' lang='grc' dir='ltr'>θ</span> <span class='ocrx_word' id='word_1_59' title='bbox 416 1107 593 1172; x_wconf 75' lang='lat' dir='ltr'><strong><em>Vaticanus</em></strong></span> <span class='ocrx_word' id='word_1_60' title='bbox 604 1111 691 1173; x_wconf 85' lang='lat'><em>1197</em></span> <span class='ocrx_word' id='word_1_61' title='bbox 704 1130 785 1174; x_wconf 86' lang='lat' dir='ltr'><strong>saec.</strong></span> <span class='ocrx_word' id='word_1_62' title='bbox 798 1110 861 1187; x_wconf 88' lang='lat' dir='ltr'><strong>XI,</strong></span> <span class='ocrx_word' id='word_1_63' title='bbox 876 1130 977 1191; x_wconf 85' lang='lat' dir='ltr'><strong>quem,</strong></span> <span class='ocrx_word' id='word_1_64' title='bbox 992 1114 1030 1173; x_wconf 91' lang='lat' dir='ltr'><strong>ut</strong></span> <span class='ocrx_word' id='word_1_65' title='bbox 1044 1130 1083 1174; x_wconf 81' lang='lat' dir='ltr'><strong>en</strong></span> <span class='ocrx_word' id='word_1_66' title='bbox 1097 1110 1166 1190; x_wconf 89' lang='lat' dir='ltr'><strong>ipso</strong></span> <span class='ocrx_word' id='word_1_67' title='bbox 1180 1112 1323 1189; x_wconf 86' lang='lat' dir='ltr'><strong>apparet,</strong></span> <span class='ocrx_word' id='word_1_68' title='bbox 1336 1129 1367 1172; x_wconf 89' lang='lat' dir='ltr'><strong>a.</strong></span> <span class='ocrx_word' id='word_1_69' title='bbox 1378 1110 1464 1173; x_wconf 85' lang='grc'><em>1580</em></span> 
     </span>
    </p>
   </div>
   <div class='ocr_carea' id='block_1_5' title="bbox 323 1195 1463 1281">
    <p class='ocr_par' dir='ltr' id='par_1_6' title="bbox 323 1195 1463 1281">
     <span class='ocr_line' id='line_1_9' title="bbox 323 1195 1463 1281; baseline 0 -21"><span class='ocrx_word' id='word_1_70' title='bbox 323 1195 468 1260; x_wconf 82' lang='lat' dir='ltr'><strong>canonici</strong></span> <span class='ocrx_word' id='word_1_71' title='bbox 492 1200 525 1260; x_wconf 91' lang='lat' dir='ltr'><strong>et</strong></span> <span class='ocrx_word' id='word_1_72' title='bbox 547 1197 723 1281; x_wconf 82' lang='lat' dir='ltr'><strong>capitulum</strong></span> <span class='ocrx_word' id='word_1_73' title='bbox 754 1196 949 1261; x_wconf 81' lang='lat' dir='ltr'><strong>cathedralis</strong></span> <span class='ocrx_word' id='word_1_74' title='bbox 977 1197 1134 1260; x_wconf 82' lang='lat' dir='ltr'><strong>ecclcsiae</strong></span> <span class='ocrx_word' id='word_1_75' title='bbox 1156 1195 1329 1260; x_wconf 82' lang='lat' dir='ltr'><strong>Valvensis</strong></span> <span class='ocrx_word' id='word_1_76' title='bbox 1359 1196 1463 1260; x_wconf 82' lang='lat' dir='ltr'><strong>sancti</strong></span> 
     </span>
    </p>
   </div>
   <div class='ocr_carea' id='block_1_6' title="bbox 271 1281 1464 3026">
    <p class='ocr_par' dir='ltr' id='par_1_7' title="bbox 315 1281 1464 2316">
     <span class='ocr_line' id='line_1_10' title="bbox 322 1281 1464 1368; baseline 0.003 -23"><span class='ocrx_word' id='word_1_77' title='bbox 322 1281 428 1346; x_wconf 91' lang='lat' dir='ltr'><strong>Pelini</strong></span> <span class='ocrx_word' id='word_1_78' title='bbox 449 1282 483 1346; x_wconf 90' lang='lat' dir='ltr'><strong>in</strong></span> <span class='ocrx_word' id='word_1_79' title='bbox 506 1282 649 1368; x_wconf 82' lang='lat' dir='ltr'><strong>Pelignis</strong></span> <span class='ocrx_word' id='word_1_80' title='bbox 683 1283 739 1365; x_wconf 80' lang='lat' dir='ltr'><strong>(cf.</strong></span> <span class='ocrx_word' id='word_1_81' title='bbox 766 1282 853 1349; x_wconf 87' lang='lat' dir='ltr'><strong>c.1.</strong></span> <span class='ocrx_word' id='word_1_82' title='bbox 880 1282 919 1346; x_wconf 83' lang='lat' dir='ltr'><strong>L.</strong></span> <span class='ocrx_word' id='word_1_83' title='bbox 948 1282 1006 1348; x_wconf 91' lang='lat' dir='ltr'><strong>ool.</strong></span> <span class='ocrx_word' id='word_1_84' title='bbox 1029 1283 1089 1347; x_wconf 91' lang='lat' dir='ltr'><strong>IX</strong></span> <span class='ocrx_word' id='word_1_85' title='bbox 1112 1302 1151 1362; x_wconf 90' lang='lat' dir='ltr'><strong>p.</strong></span> <span class='ocrx_word' id='word_1_86' title='bbox 1173 1282 1254 1365; x_wconf 77' lang='lat'><em>297)</em></span> <span class='ocrx_word' id='word_1_87' title='bbox 1289 1281 1464 1348; x_wconf 84' lang='lat' dir='ltr'><strong>Vaticanus</strong></span> 
     </span>
     <span class='ocr_line' id='line_1_11' title="bbox 322 1367 1462 1451; baseline 0 -19"><span class='ocrx_word' id='word_1_88' title='bbox 322 1367 522 1433; x_wconf 77' lang='lat' dir='ltr'><strong>lolliotleeoe</strong></span> <span class='ocrx_word' id='word_1_89' title='bbox 543 1368 731 1446; x_wconf 79' lang='lat' dir='ltr'><strong>obtulerunt,</strong></span> <span class='ocrx_word' id='word_1_90' title='bbox 754 1369 965 1451; x_wconf 80' lang='lat' dir='ltr'><strong>Eupippiana</strong></span> <span class='ocrx_word' id='word_1_91' title='bbox 986 1369 1078 1433; x_wconf 83' lang='lat' dir='ltr'><strong>labet</strong></span> <span class='ocrx_word' id='word_1_92' title='bbox 1097 1369 1122 1450; x_wconf 82' lang='grc'><em>1.</em></span> <span class='ocrx_word' id='word_1_93' title='bbox 1139 1368 1320 1446; x_wconf 78' lang='lat' dir='ltr'><strong>ree-205,</strong></span> <span class='ocrx_word' id='word_1_94' title='bbox 1342 1368 1462 1434; x_wconf 90' lang='lat' dir='ltr'><strong>scilicet</strong></span> 
     </span>
     <span class='ocr_line' id='line_1_12' title="bbox 322 1453 1463 1541; baseline 0.001 -23"><span class='ocrx_word' id='word_1_95' title='bbox 322 1453 490 1535; x_wconf 77' lang='lat' dir='ltr'><strong>epistulam</strong></span> <span class='ocrx_word' id='word_1_96' title='bbox 519 1453 677 1537; x_wconf 80' lang='lat' dir='ltr'><strong>Euprppii</strong></span> <span class='ocrx_word' id='word_1_97' title='bbox 703 1455 761 1519; x_wconf 85' lang='lat' dir='ltr'><strong>sub</strong></span> <span class='ocrx_word' id='word_1_98' title='bbox 782 1456 998 1536; x_wconf 88' lang='lat' dir='ltr'><strong>praescripto:</strong></span> <span class='ocrx_word' id='word_1_99' title='bbox 1030 1455 1144 1540; x_wconf 82' lang='lat' dir='ltr'><strong>incipit</strong></span> <span class='ocrx_word' id='word_1_100' title='bbox 1174 1455 1313 1539; x_wconf 83' lang='lat' dir='ltr'><strong>epistola</strong></span> <span class='ocrx_word' id='word_1_101' title='bbox 1343 1455 1463 1541; x_wconf 82' lang='lat' dir='ltr'><strong>Egepii</strong></span> 
     </span>
     <span class='ocr_line' id='line_1_13' title="bbox 323 1539 1461 1626; baseline 0.001 -21"><span class='ocrx_word' id='word_1_102' title='bbox 323 1539 394 1626; x_wconf 88' lang='lat' dir='ltr'><strong>(em.</strong></span> <span class='ocrx_word' id='word_1_103' title='bbox 410 1540 565 1625; x_wconf 85' lang='lat' dir='ltr'><strong>Eugcpii)</strong></span> <span class='ocrx_word' id='word_1_104' title='bbox 581 1541 764 1626; x_wconf 85' lang='lat' dir='ltr'><strong>presbytcri</strong></span> <span class='ocrx_word' id='word_1_105' title='bbox 786 1541 827 1605; x_wconf 86' lang='lat' dir='ltr'><strong>ad</strong></span> <span class='ocrx_word' id='word_1_106' title='bbox 842 1541 1055 1606; x_wconf 80' lang='lat' dir='ltr'><strong>Paschasium</strong></span> <span class='ocrx_word' id='word_1_107' title='bbox 1078 1541 1250 1605; x_wconf 82' lang='lat' dir='ltr'><strong>diaconum</strong></span> <span class='ocrx_word' id='word_1_108' title='bbox 1274 1540 1315 1605; x_wconf 90' lang='lat' dir='ltr'><strong>dc</strong></span> <span class='ocrx_word' id='word_1_109' title='bbox 1336 1542 1405 1607; x_wconf 82' lang='lat' dir='ltr'><strong>vita</strong></span> <span class='ocrx_word' id='word_1_110' title='bbox 1428 1549 1461 1606; x_wconf 90' lang='lat' dir='ltr'><strong>ct</strong></span> 
     </span>
     <span class='ocr_line' id='line_1_14' title="bbox 321 1626 1463 1710; baseline 0.002 -20"><span class='ocrx_word' id='word_1_111' title='bbox 321 1627 483 1691; x_wconf 83' lang='lat' dir='ltr'><strong>miraculis</strong></span> <span class='ocrx_word' id='word_1_112' title='bbox 518 1629 619 1692; x_wconf 82' lang='lat' dir='ltr'><strong>sancti</strong></span> <span class='ocrx_word' id='word_1_113' title='bbox 652 1626 800 1692; x_wconf 80' lang='lat' dir='ltr'><strong>Severini</strong></span> <span class='ocrx_word' id='word_1_114' title='bbox 831 1629 901 1693; x_wconf 90' lang='lat' dir='ltr'><strong>sine</strong></span> <span class='ocrx_word' id='word_1_115' title='bbox 935 1629 1183 1710; x_wconf 82' lang='lat' dir='ltr'><strong>subscriptione,·</strong></span> <span class='ocrx_word' id='word_1_116' title='bbox 1215 1626 1360 1709; x_wconf 78' lang='lat' dir='ltr'><strong>capitula</strong></span> <span class='ocrx_word' id='word_1_117' title='bbox 1393 1629 1463 1692; x_wconf 90' lang='lat' dir='ltr'><strong>sine</strong></span> 
     </span>
     <span class='ocr_line' id='line_1_15' title="bbox 321 1714 1462 1800; baseline 0.002 -22"><span class='ocrx_word' id='word_1_118' title='bbox 321 1714 529 1794; x_wconf 73' lang='lat' dir='ltr'><strong>inscriptione</strong></span> <span class='ocrx_word' id='word_1_119' title='bbox 560 1714 739 1798; x_wconf 81' lang='lat' dir='ltr'><strong>subscripta</strong></span> <span class='ocrx_word' id='word_1_120' title='bbox 768 1715 832 1780; x_wconf 87' lang='lat' dir='ltr'><strong>sie:</strong></span> <span class='ocrx_word' id='word_1_121' title='bbox 867 1715 1044 1800; x_wconf 81' lang='lat' dir='ltr'><strong>expliciunt</strong></span> <span class='ocrx_word' id='word_1_122' title='bbox 1077 1714 1234 1800; x_wconf 83' lang='lat' dir='ltr'><strong>capitulo;</strong></span> <span class='ocrx_word' id='word_1_123' title='bbox 1271 1715 1371 1778; x_wconf 83' lang='lat' dir='ltr'><strong>uitam</strong></span> <span class='ocrx_word' id='word_1_124' title='bbox 1403 1715 1462 1780; x_wconf 83' lang='lat' dir='ltr'><strong>suo</strong></span> 
     </span>
     <span class='ocr_line' id='line_1_16' title="bbox 315 1800 1463 1886; baseline 0.002 -23"><span class='ocrx_word' id='word_1_125' title='bbox 315 1801 532 1882; x_wconf 86' lang='lat' dir='ltr'><strong>praescripto:</strong></span> <span class='ocrx_word' id='word_1_126' title='bbox 560 1800 672 1886; x_wconf 86' lang='lat' dir='ltr'><strong>incipit</strong></span> <span class='ocrx_word' id='word_1_127' title='bbox 693 1802 761 1865; x_wconf 81' lang='lat' dir='ltr'><strong>vita</strong></span> <span class='ocrx_word' id='word_1_128' title='bbox 788 1801 842 1866; x_wconf 91' lang='lat' dir='ltr'><strong>vel</strong></span> <span class='ocrx_word' id='word_1_129' title='bbox 869 1802 976 1866; x_wconf 84' lang='lat' dir='ltr'><strong>obitus</strong></span> <span class='ocrx_word' id='word_1_130' title='bbox 1005 1803 1108 1866; x_wconf 83' lang='lat' dir='ltr'><strong>sancti</strong></span> <span class='ocrx_word' id='word_1_131' title='bbox 1129 1800 1278 1865; x_wconf 78' lang='lat' dir='ltr'><strong>Severini</strong></span> <span class='ocrx_word' id='word_1_132' title='bbox 1298 1800 1368 1865; x_wconf 90' lang='lat' dir='ltr'><strong>sine</strong></span> <span class='ocrx_word' id='word_1_133' title='bbox 1389 1801 1463 1866; x_wconf 86' lang='lat' dir='ltr'><strong>sub-</strong></span> 
     </span>
     <span class='ocr_line' id='line_1_17' title="bbox 322 1886 1461 1973; baseline 0.001 -23"><span class='ocrx_word' id='word_1_134' title='bbox 322 1887 510 1967; x_wconf 90' lang='lat' dir='ltr'><strong>scriptione;</strong></span> <span class='ocrx_word' id='word_1_135' title='bbox 538 1886 706 1966; x_wconf 77' lang='lat' dir='ltr'><strong>epistulam</strong></span> <span class='ocrx_word' id='word_1_136' title='bbox 734 1887 907 1952; x_wconf 84' lang='lat' dir='ltr'><strong>Pasclcsii</strong></span> <span class='ocrx_word' id='word_1_137' title='bbox 934 1888 992 1953; x_wconf 84' lang='lat' dir='ltr'><strong>sub</strong></span> <span class='ocrx_word' id='word_1_138' title='bbox 1013 1888 1229 1970; x_wconf 85' lang='lat' dir='ltr'><strong>praescripto:</strong></span> <span class='ocrx_word' id='word_1_139' title='bbox 1257 1887 1369 1973; x_wconf 87' lang='lat' dir='ltr'><strong>incipit</strong></span> <span class='ocrx_word' id='word_1_140' title='bbox 1392 1887 1461 1973; x_wconf 92' lang='lat' dir='ltr'><strong>epi-</strong></span> 
     </span>
     <span class='ocr_line' id='line_1_18' title="bbox 323 1971 1461 2060; baseline 0.001 -24"><span class='ocrx_word' id='word_1_141' title='bbox 323 1973 407 2037; x_wconf 80' lang='lat' dir='ltr'><strong>stole</strong></span> <span class='ocrx_word' id='word_1_142' title='bbox 438 1971 607 2037; x_wconf 82' lang='lat' dir='ltr'><strong>Paschasii</strong></span> <span class='ocrx_word' id='word_1_143' title='bbox 641 1973 769 2038; x_wconf 82' lang='lat' dir='ltr'><strong>diaconi</strong></span> <span class='ocrx_word' id='word_1_144' title='bbox 801 1976 936 2040; x_wconf 84' lang='lat' dir='ltr'><strong>rescritn</strong></span> <span class='ocrx_word' id='word_1_145' title='bbox 964 1976 1040 2059; x_wconf 90' lang='lat' dir='ltr'><strong>(sic)</strong></span> <span class='ocrx_word' id='word_1_146' title='bbox 1074 1974 1116 2038; x_wconf 85' lang='lat' dir='ltr'><strong>cd</strong></span> <span class='ocrx_word' id='word_1_147' title='bbox 1150 1974 1335 2059; x_wconf 85' lang='lat' dir='ltr'><strong>Eugcpium</strong></span> <span class='ocrx_word' id='word_1_148' title='bbox 1368 1994 1461 2060; x_wconf 91' lang='lat' dir='ltr'><strong>pres-</strong></span> 
     </span>
     <span class='ocr_line' id='line_1_19' title="bbox 322 2059 1463 2146; baseline 0 -22"><span class='ocrx_word' id='word_1_149' title='bbox 322 2059 474 2146; x_wconf 84' lang='lat' dir='ltr'><strong>byterum</strong></span> <span class='ocrx_word' id='word_1_150' title='bbox 507 2060 576 2124; x_wconf 85' lang='lat' dir='ltr'><strong>sine</strong></span> <span class='ocrx_word' id='word_1_151' title='bbox 610 2061 847 2141; x_wconf 85' lang='lat' dir='ltr'><strong>subscriptione.</strong></span> <span class='ocrx_word' id='word_1_152' title='bbox 906 2061 1060 2143; x_wconf 79' lang='lat' dir='ltr'><strong>Sequitur</strong></span> <span class='ocrx_word' id='word_1_153' title='bbox 1097 2060 1165 2124; x_wconf 86' lang='lat' dir='ltr'><strong>ritu</strong></span> <span class='ocrx_word' id='word_1_154' title='bbox 1196 2061 1304 2124; x_wconf 88' lang='lat' dir='ltr'><strong>sancti</strong></span> <span class='ocrx_word' id='word_1_155' title='bbox 1334 2059 1463 2124; x_wconf 90' lang='lat' dir='ltr'><strong>Hilarii</strong></span> 
     </span>
     <span class='ocr_line' id='line_1_20' title="bbox 323 2145 1464 2227; baseline 0.001 -17"><span class='ocrx_word' id='word_1_156' title='bbox 323 2146 461 2227; x_wconf 81' lang='lat' dir='ltr'><strong>episcopi</strong></span> <span class='ocrx_word' id='word_1_157' title='bbox 482 2150 512 2208; x_wconf 88' lang='lat' dir='ltr'><strong>ct</strong></span> <span class='ocrx_word' id='word_1_158' title='bbox 534 2146 730 2227; x_wconf 80' lang='lat' dir='ltr'><strong>confessoris.</strong></span> <span class='ocrx_word' id='word_1_159' title='bbox 776 2146 912 2211; x_wconf 80' lang='lat' dir='ltr'><strong>tiberin</strong></span> <span class='ocrx_word' id='word_1_160' title='bbox 932 2169 1027 2212; x_wconf 79' lang='lat' dir='ltr'><strong>mum</strong></span> <span class='ocrx_word' id='word_1_161' title='bbox 1043 2145 1183 2213; x_wconf 89' lang='lat' dir='ltr'><strong>Knoellii</strong></span> <span class='ocrx_word' id='word_1_162' title='bbox 1203 2145 1337 2212; x_wconf 87' lang='lat' dir='ltr'><strong>collatus</strong></span> <span class='ocrx_word' id='word_1_163' title='bbox 1358 2152 1404 2211; x_wconf 88' lang='lat' dir='ltr'><strong>est</strong></span> <span class='ocrx_word' id='word_1_164' title='bbox 1425 2167 1464 2211; x_wconf 81' lang='lat' dir='ltr'><strong>en</strong></span> 
     </span>
     <span class='ocr_line' id='line_1_21' title="bbox 319 2232 1090 2316; baseline 0.003 -20"><span class='ocrx_word' id='word_1_165' title='bbox 319 2237 416 2314; x_wconf 87' lang='lat' dir='ltr'><strong>parte</strong></span> <span class='ocrx_word' id='word_1_166' title='bbox 438 2232 477 2296; x_wconf 80' lang='lat' dir='ltr'><strong>ab</strong></span> <span class='ocrx_word' id='word_1_167' title='bbox 499 2232 577 2310; x_wconf 83' lang='lat' dir='ltr'><strong>ipso,</strong></span> <span class='ocrx_word' id='word_1_168' title='bbox 600 2253 639 2296; x_wconf 84' lang='lat' dir='ltr'><strong>ec</strong></span> <span class='ocrx_word' id='word_1_169' title='bbox 655 2238 751 2316; x_wconf 89' lang='lat' dir='ltr'><strong>porte</strong></span> <span class='ocrx_word' id='word_1_170' title='bbox 772 2253 793 2296; x_wconf 88' lang='lat' dir='ltr'><strong>a</strong></span> <span class='ocrx_word' id='word_1_171' title='bbox 818 2232 860 2298; x_wconf 74' lang='lat' dir='ltr'><strong>G.</strong></span> <span class='ocrx_word' id='word_1_172' title='bbox 881 2233 1090 2316; x_wconf 81' lang='lat' dir='ltr'><strong>Kicseritrlrp.</strong></span> 
     </span>
    </p>

    <p class='ocr_par' dir='ltr' id='par_1_8' title="bbox 271 2316 1464 3026">
     <span class='ocr_line' id='line_1_22' title="bbox 271 2316 1463 2403; baseline -0.002 -21"><span class='ocrx_word' id='word_1_173' title='bbox 271 2337 286 2382; x_wconf 90' lang='lat'><strong><em>1</em></strong></span> <span class='ocrx_word' id='word_1_174' title='bbox 416 2317 521 2384; x_wconf 79' lang='lat' dir='ltr'><strong>Coelen</strong></span> <span class='ocrx_word' id='word_1_175' title='bbox 542 2317 678 2398; x_wconf 88' lang='lat' dir='ltr'><strong>capituli</strong></span> <span class='ocrx_word' id='word_1_176' title='bbox 698 2319 917 2384; x_wconf 84' lang='lat' dir='ltr'><strong>Beneuentani</strong></span> <span class='ocrx_word' id='word_1_177' title='bbox 937 2340 1068 2385; x_wconf 91' lang='lat' dir='ltr'><strong>numero</strong></span> <span class='ocrx_word' id='word_1_178' title='bbox 1095 2339 1206 2384; x_wconf 89' lang='lat' dir='ltr'><strong>carens</strong></span> <span class='ocrx_word' id='word_1_179' title='bbox 1235 2316 1396 2403; x_wconf 73' lang='lat' dir='ltr'><strong>(sumtus</strong></span> <span class='ocrx_word' id='word_1_180' title='bbox 1417 2322 1463 2381; x_wconf 88' lang='lat' dir='ltr'><strong>est</strong></span> 
     </span>
     <span class='ocr_line' id='line_1_23' title="bbox 323 2401 1462 2492; baseline -0.002 -24"><span class='ocrx_word' id='word_1_181' title='bbox 323 2405 385 2468; x_wconf 91' lang='lat' dir='ltr'><strong>sic:</strong></span> <span class='ocrx_word' id='word_1_182' title='bbox 408 2426 433 2468; x_wconf 90' lang='lat' dir='ltr'><strong>s.</strong></span> <span class='ocrx_word' id='word_1_183' title='bbox 450 2403 616 2469; x_wconf 86' lang='lat' dir='ltr'><strong>Ambrosii</strong></span> <span class='ocrx_word' id='word_1_184' title='bbox 631 2406 665 2469; x_wconf 94' lang='lat' dir='ltr'><strong>in</strong></span> <span class='ocrx_word' id='word_1_185' title='bbox 681 2406 863 2492; x_wconf 87' lang='lat' dir='ltr'><strong>symbolum</strong></span> <span class='ocrx_word' id='word_1_186' title='bbox 877 2411 1050 2476; x_wconf 82' lang='lat' dir='ltr'><strong>tractatus:</strong></span> <span class='ocrx_word' id='word_1_187' title='bbox 1074 2410 1149 2470; x_wconf 81' lang='lat' dir='ltr'><strong>acta</strong></span> <span class='ocrx_word' id='word_1_188' title='bbox 1169 2401 1367 2488; x_wconf 78' lang='lat' dir='ltr'><strong>sanctorum)</strong></span> <span class='ocrx_word' id='word_1_189' title='bbox 1381 2423 1462 2468; x_wconf 88' lang='lat' dir='ltr'><strong>saec.</strong></span> 
     </span>
     <span class='ocr_line' id='line_1_24' title="bbox 326 2487 1463 2576; baseline -0.001 -21"><span class='ocrx_word' id='word_1_190' title='bbox 326 2489 473 2576; x_wconf 74' lang='lat' dir='ltr'><strong>XIleI</strong></span> <span class='ocrx_word' id='word_1_191' title='bbox 484 2489 514 2575; x_wconf 93' lang='grc'><em>1.</em></span> <span class='ocrx_word' id='word_1_192' title='bbox 530 2487 725 2556; x_wconf 79' lang='lat'><em>241&#39;-272&#39;</em></span> <span class='ocrx_word' id='word_1_193' title='bbox 742 2497 817 2572; x_wconf 90' lang='lat' dir='ltr'><strong>post</strong></span> <span class='ocrx_word' id='word_1_194' title='bbox 831 2492 1001 2572; x_wconf 82' lang='lat' dir='ltr'><strong>epistulam</strong></span> <span class='ocrx_word' id='word_1_195' title='bbox 1015 2491 1182 2576; x_wconf 78' lang='lat' dir='ltr'><strong>Euprppii,</strong></span> <span class='ocrx_word' id='word_1_196' title='bbox 1198 2492 1253 2555; x_wconf 90' lang='lat' dir='ltr'><strong>cui</strong></span> <span class='ocrx_word' id='word_1_197' title='bbox 1268 2490 1463 2574; x_wconf 67' lang='lat' dir='ltr'><strong>praesenti</strong></span> 
     </span>
     <span class='ocr_line' id='line_1_25' title="bbox 325 2576 1463 2664; baseline 0.002 -25"><span class='ocrx_word' id='word_1_198' title='bbox 325 2582 394 2640; x_wconf 90' lang='lat' dir='ltr'><strong>tur:</strong></span> <span class='ocrx_word' id='word_1_199' title='bbox 415 2578 449 2641; x_wconf 92' lang='lat' dir='ltr'><strong>in</strong></span> <span class='ocrx_word' id='word_1_200' title='bbox 462 2582 488 2639; x_wconf 74' lang='lat' dir='ltr'><strong>i.</strong></span> <span class='ocrx_word' id='word_1_201' title='bbox 507 2576 669 2643; x_wconf 83' lang='lat' dir='ltr'><strong>Severini:</strong></span> <span class='ocrx_word' id='word_1_202' title='bbox 686 2579 798 2664; x_wconf 89' lang='lat' dir='ltr'><strong>incipit</strong></span> <span class='ocrx_word' id='word_1_203' title='bbox 814 2581 953 2664; x_wconf 85' lang='lat' dir='ltr'><strong>epistola</strong></span> <span class='ocrx_word' id='word_1_204' title='bbox 967 2580 1111 2645; x_wconf 80' lang='lat' dir='ltr'><strong>Pescasii</strong></span> <span class='ocrx_word' id='word_1_205' title='bbox 1124 2578 1207 2663; x_wconf 91' lang='lat' dir='ltr'><strong>[sic]</strong></span> <span class='ocrx_word' id='word_1_206' title='bbox 1222 2577 1264 2641; x_wconf 83' lang='lat' dir='ltr'><strong>ad</strong></span> <span class='ocrx_word' id='word_1_207' title='bbox 1278 2576 1463 2662; x_wconf 82' lang='lat' dir='ltr'><strong>Eugepium</strong></span> 
     </span>
     <span class='ocr_line' id='line_1_26' title="bbox 325 2663 1464 2751; baseline -0.003 -22"><span class='ocrx_word' id='word_1_208' title='bbox 325 2664 567 2751; x_wconf 87' lang='lat' dir='ltr'><strong>presbyterum:</strong></span> <span class='ocrx_word' id='word_1_209' title='bbox 603 2665 740 2730; x_wconf 87' lang='lat' dir='ltr'><strong>lectioI</strong></span> <span class='ocrx_word' id='word_1_210' title='bbox 773 2671 802 2729; x_wconf 89' lang='lat' dir='ltr'><strong>et</strong></span> <span class='ocrx_word' id='word_1_211' title='bbox 823 2665 1008 2743; x_wconf 76' lang='lat' dir='ltr'><strong>Parrhasii,</strong></span> <span class='ocrx_word' id='word_1_212' title='bbox 1035 2667 1090 2731; x_wconf 94' lang='lat' dir='ltr'><strong>cui</strong></span> <span class='ocrx_word' id='word_1_213' title='bbox 1115 2668 1190 2730; x_wconf 90' lang='lat' dir='ltr'><strong>item</strong></span> <span class='ocrx_word' id='word_1_214' title='bbox 1213 2663 1464 2744; x_wconf 62' lang='lat' dir='ltr'><strong>praescribitur:</strong></span> 
     </span>
     <span class='ocr_line' id='line_1_27' title="bbox 327 2748 1463 2838; baseline -0.001 -24"><span class='ocrx_word' id='word_1_215' title='bbox 327 2751 466 2836; x_wconf 81' lang='lat' dir='ltr'><strong>epistola</strong></span> <span class='ocrx_word' id='word_1_216' title='bbox 480 2748 624 2815; x_wconf 83' lang='lat' dir='ltr'><strong>Pasccsii</strong></span> <span class='ocrx_word' id='word_1_217' title='bbox 642 2751 770 2816; x_wconf 79' lang='lat' dir='ltr'><strong>diaconi</strong></span> <span class='ocrx_word' id='word_1_218' title='bbox 791 2751 832 2816; x_wconf 85' lang='lat' dir='ltr'><strong>cd</strong></span> <span class='ocrx_word' id='word_1_219' title='bbox 843 2752 1028 2838; x_wconf 83' lang='lat' dir='ltr'><strong>Eugepium</strong></span> <span class='ocrx_word' id='word_1_220' title='bbox 1066 2752 1279 2837; x_wconf 88' lang='lat' dir='ltr'><strong>resbyterum,</strong></span> <span class='ocrx_word' id='word_1_221' title='bbox 1294 2750 1463 2815; x_wconf 70' lang='lat' dir='ltr'><strong>subscriti-</strong></span> 
     </span>
     <span class='ocr_line' id='line_1_28' title="bbox 326 2775 1464 2934; baseline 0 -34"><span class='ocrx_word' id='word_1_222' title='bbox 326 2843 382 2900; x_wconf 90' lang='lat' dir='ltr'><strong>tur</strong></span> <span class='ocrx_word' id='word_1_223' title='bbox 396 2841 517 2900; x_wconf 89' lang='lat' dir='ltr'><strong>autem:</strong></span> <span class='ocrx_word' id='word_1_224' title='bbox 541 2838 674 2923; x_wconf 87' lang='lat' dir='ltr'><strong>explicit</strong></span> <span class='ocrx_word' id='word_1_225' title='bbox 695 2839 863 2924; x_wconf 84' lang='lat' dir='ltr'><strong>prologus,</strong></span> <span class='ocrx_word' id='word_1_226' title='bbox 885 2840 985 2903; x_wconf 87' lang='lat' dir='ltr'><strong>citam</strong></span> <span class='ocrx_word' id='word_1_227' title='bbox 1007 2775 1129 2903; x_wconf 76' lang='lat' dir='ltr'><strong>ulau</strong></span> <span class='ocrx_word' id='word_1_228' title='bbox 1149 2837 1218 2901; x_wconf 92' lang='lat' dir='ltr'><strong>sine</strong></span> <span class='ocrx_word' id='word_1_229' title='bbox 1239 2836 1464 2934; x_wconf 61' lang='lat' dir='ltr'><strong>insprptionm</strong></span> 
     </span>
     <span class='ocr_line' id='line_1_29' title="bbox 324 2939 1462 3026; baseline -0.001 -22"><span class='ocrx_word' id='word_1_230' title='bbox 324 2940 552 3004; x_wconf 83' lang='lat' dir='ltr'><strong>subscribitur:</strong></span> <span class='ocrx_word' id='word_1_231' title='bbox 574 2961 660 3005; x_wconf 82' lang='lat' dir='ltr'><strong>nona</strong></span> <span class='ocrx_word' id='word_1_232' title='bbox 681 2942 778 3006; x_wconf 88' lang='lat' dir='ltr'><strong>lectio</strong></span> <span class='ocrx_word' id='word_1_233' title='bbox 800 2942 834 3005; x_wconf 94' lang='lat' dir='ltr'><strong>in</strong></span> <span class='ocrx_word' id='word_1_234' title='bbox 857 2943 962 3006; x_wconf 82' lang='lat' dir='ltr'><strong>sancti</strong></span> <span class='ocrx_word' id='word_1_235' title='bbox 985 2940 1135 3006; x_wconf 91' lang='lat' dir='ltr'><strong>Severini</strong></span> <span class='ocrx_word' id='word_1_236' title='bbox 1158 2940 1199 3005; x_wconf 89' lang='lat' dir='ltr'><strong>dc</strong></span> <span class='ocrx_word' id='word_1_237' title='bbox 1223 2940 1337 3026; x_wconf 87' lang='lat' dir='ltr'><strong>epiph:</strong></span> <span class='ocrx_word' id='word_1_238' title='bbox 1364 2939 1462 3004; x_wconf 89' lang='lat' dir='ltr'><strong>lectio</strong></span> 
     </span>
    </p>
   </div>
   <div class='ocr_carea' id='block_1_7' title="bbox 272 3042 1466 3729">
    <p class='ocr_par' dir='ltr' id='par_1_9' title="bbox 324 3042 1465 3284">
     <span class='ocr_line' id='line_1_30' title="bbox 326 3042 1462 3128; baseline -0.001 -21"><span class='ocrx_word' id='word_1_239' title='bbox 326 3043 427 3108; x_wconf 82' lang='lat' dir='ltr'><strong>sancti</strong></span> <span class='ocrx_word' id='word_1_240' title='bbox 449 3043 524 3128; x_wconf 83' lang='lat' dir='ltr'><strong>Eug</strong></span> <span class='ocrx_word' id='word_1_241' title='bbox 546 3043 723 3108; x_wconf 88' lang='lat' dir='ltr'><strong>secundum</strong></span> <span class='ocrx_word' id='word_1_242' title='bbox 738 3044 929 3112; x_wconf 86' lang='lat' dir='ltr'><strong>Iohannem.</strong></span> <span class='ocrx_word' id='word_1_243' title='bbox 974 3044 1135 3110; x_wconf 74' lang='lat' dir='ltr'><strong>Rubricac</strong></span> <span class='ocrx_word' id='word_1_244' title='bbox 1149 3044 1274 3108; x_wconf 83' lang='lat' dir='ltr'><strong>desunt.</strong></span> <span class='ocrx_word' id='word_1_245' title='bbox 1299 3081 1339 3091; x_wconf 95' lang='lat'>-</span> <span class='ocrx_word' id='word_1_246' title='bbox 1362 3042 1462 3107; x_wconf 81' lang='lat' dir='ltr'><strong>Belle-</strong></span> 
     </span>
     <span class='ocr_line' id='line_1_31' title="bbox 324 3129 1465 3213; baseline 0 -19"><span class='ocrx_word' id='word_1_247' title='bbox 324 3150 465 3194; x_wconf 88' lang='lat' dir='ltr'><strong>mannus</strong></span> <span class='ocrx_word' id='word_1_248' title='bbox 486 3131 643 3212; x_wconf 84' lang='lat' dir='ltr'><strong>inteprum</strong></span> <span class='ocrx_word' id='word_1_249' title='bbox 657 3130 869 3211; x_wconf 79' lang='lat' dir='ltr'><strong>perlustravit</strong></span> <span class='ocrx_word' id='word_1_250' title='bbox 898 3137 927 3196; x_wconf 88' lang='lat' dir='ltr'><strong>et</strong></span> <span class='ocrx_word' id='word_1_251' title='bbox 953 3131 1118 3197; x_wconf 79' lang='lat' dir='ltr'><strong>adnotavit</strong></span> <span class='ocrx_word' id='word_1_252' title='bbox 1133 3130 1282 3213; x_wconf 89' lang='lat' dir='ltr'><strong>potiora,·</strong></span> <span class='ocrx_word' id='word_1_253' title='bbox 1308 3129 1465 3210; x_wconf 86' lang='lat' dir='ltr'><strong>specimen</strong></span> 
     </span>
     <span class='ocr_line' id='line_1_32' title="bbox 325 3215 778 3284; baseline -0.002 -3"><span class='ocrx_word' id='word_1_254' title='bbox 325 3217 437 3282; x_wconf 81' lang='lat' dir='ltr'><strong>deiude</strong></span> <span class='ocrx_word' id='word_1_255' title='bbox 459 3217 547 3280; x_wconf 85' lang='lat' dir='ltr'><strong>misit</strong></span> <span class='ocrx_word' id='word_1_256' title='bbox 568 3216 636 3284; x_wconf 81' lang='lat' dir='ltr'><strong>Iole.</strong></span> <span class='ocrx_word' id='word_1_257' title='bbox 661 3215 778 3281; x_wconf 78' lang='lat' dir='ltr'><strong>Lucas.</strong></span> 
     </span>
    </p>

    <p class='ocr_par' dir='ltr' id='par_1_10' title="bbox 272 3300 1466 3628">
     <span class='ocr_line' id='line_1_33' title="bbox 272 3300 1464 3383; baseline 0.001 -19"><span class='ocrx_word' id='word_1_258' title='bbox 272 3317 289 3364; x_wconf 82' lang='lat'><strong><em>2</em></strong></span> <span class='ocrx_word' id='word_1_259' title='bbox 411 3301 587 3366; x_wconf 80' lang='lat' dir='ltr'><strong>Parisinus</strong></span> <span class='ocrx_word' id='word_1_260' title='bbox 601 3306 708 3367; x_wconf 79' lang='lat'><em>17634</em></span> <span class='ocrx_word' id='word_1_261' title='bbox 730 3323 809 3367; x_wconf 87' lang='lat' dir='ltr'><strong>saec.</strong></span> <span class='ocrx_word' id='word_1_262' title='bbox 828 3303 926 3383; x_wconf 86' lang='lat' dir='ltr'><strong><em>XVI,</em></strong></span> <span class='ocrx_word' id='word_1_263' title='bbox 949 3309 1045 3368; x_wconf 86' lang='lat' dir='ltr'><strong>antea</strong></span> <span class='ocrx_word' id='word_1_264' title='bbox 1060 3301 1318 3369; x_wconf 72' lang='lat' dir='ltr'><strong>ankstinorum.</strong></span> <span class='ocrx_word' id='word_1_265' title='bbox 1363 3300 1464 3365; x_wconf 90' lang='lat' dir='ltr'><strong>Prae-</strong></span> 
     </span>
     <span class='ocr_line' id='line_1_34' title="bbox 323 3386 1464 3476; baseline -0.001 -24"><span class='ocrx_word' id='word_1_266' title='bbox 323 3389 477 3453; x_wconf 78' lang='lat' dir='ltr'><strong>scnlritur</strong></span> <span class='ocrx_word' id='word_1_267' title='bbox 498 3388 651 3470; x_wconf 69' lang='lat' dir='ltr'><strong>epistulae</strong></span> <span class='ocrx_word' id='word_1_268' title='bbox 672 3389 846 3471; x_wconf 76' lang='lat' dir='ltr'><strong>Euprppii:</strong></span> <span class='ocrx_word' id='word_1_269' title='bbox 873 3391 985 3476; x_wconf 90' lang='lat' dir='ltr'><strong>incipit</strong></span> <span class='ocrx_word' id='word_1_270' title='bbox 1006 3392 1074 3455; x_wconf 82' lang='lat' dir='ltr'><strong>vita</strong></span> <span class='ocrx_word' id='word_1_271' title='bbox 1101 3389 1204 3453; x_wconf 82' lang='lat' dir='ltr'><strong>sancti</strong></span> <span class='ocrx_word' id='word_1_272' title='bbox 1227 3386 1375 3452; x_wconf 84' lang='lat' dir='ltr'><strong>Severini</strong></span> <span class='ocrx_word' id='word_1_273' title='bbox 1405 3387 1464 3451; x_wconf 83' lang='lat' dir='ltr'><strong>ab·</strong></span> 
     </span>
     <span class='ocr_line' id='line_1_35' title="bbox 324 3473 1466 3558; baseline -0.002 -18"><span class='ocrx_word' id='word_1_274' title='bbox 324 3475 420 3540; x_wconf 84' lang='lat' dir='ltr'><strong>batis.</strong></span> <span class='ocrx_word' id='word_1_275' title='bbox 464 3475 569 3540; x_wconf 84' lang='lat' dir='ltr'><strong>Indeoo</strong></span> <span class='ocrx_word' id='word_1_276' title='bbox 589 3475 803 3556; x_wconf 90' lang='lat' dir='ltr'><strong>capitulorum</strong></span> <span class='ocrx_word' id='word_1_277' title='bbox 824 3481 854 3540; x_wconf 88' lang='lat' dir='ltr'><strong>ct</strong></span> <span class='ocrx_word' id='word_1_278' title='bbox 874 3476 1010 3558; x_wconf 86' lang='lat' dir='ltr'><strong>epistula</strong></span> <span class='ocrx_word' id='word_1_279' title='bbox 1028 3476 1199 3541; x_wconf 81' lang='lat' dir='ltr'><strong>Pascieasii</strong></span> <span class='ocrx_word' id='word_1_280' title='bbox 1221 3474 1345 3539; x_wconf 76' lang='lat' dir='ltr'><strong>absunt.</strong></span> <span class='ocrx_word' id='word_1_281' title='bbox 1390 3473 1466 3554; x_wconf 85' lang='lat' dir='ltr'><strong>Spe·</strong></span> 
     </span>
     <span class='ocr_line' id='line_1_36' title="bbox 325 3561 693 3628; baseline 0.003 -2"><span class='ocrx_word' id='word_1_282' title='bbox 325 3561 427 3626; x_wconf 89' lang='lat' dir='ltr'><strong>cimen</strong></span> <span class='ocrx_word' id='word_1_283' title='bbox 447 3562 536 3626; x_wconf 89' lang='lat' dir='ltr'><strong>misit</strong></span> <span class='ocrx_word' id='word_1_284' title='bbox 560 3561 693 3628; x_wconf 77' lang='lat' dir='ltr'><strong>Girard.</strong></span> 
     </span>
    </p>

    <p class='ocr_par' dir='ltr' id='par_1_11' title="bbox 272 3641 1466 3729">
     <span class='ocr_line' id='line_1_37' title="bbox 272 3641 1466 3729; baseline -0.003 -15"><span class='ocrx_word' id='word_1_285' title='bbox 272 3673 288 3724; x_wconf 86' lang='lat'><strong><em>3</em></strong></span> <span class='ocrx_word' id='word_1_286' title='bbox 415 3646 552 3714; x_wconf 77' lang='lat' dir='ltr'><strong>Casium</strong></span> <span class='ocrx_word' id='word_1_287' title='bbox 566 3651 632 3712; x_wconf 79' lang='lat'><strong>462</strong></span> <span class='ocrx_word' id='word_1_288' title='bbox 652 3667 731 3712; x_wconf 89' lang='lat' dir='ltr'><strong>socc.</strong></span> <span class='ocrx_word' id='word_1_289' title='bbox 746 3647 806 3712; x_wconf 94' lang='lat' dir='ltr'><strong>XI</strong></span> <span class='ocrx_word' id='word_1_290' title='bbox 819 3648 845 3729; x_wconf 82' lang='lat' dir='ltr'><strong>f.</strong></span> <span class='ocrx_word' id='word_1_291' title='bbox 857 3641 1053 3712; x_wconf 82' lang='lat'><strong><em>225‘-236&#39;</em></strong></span> <span class='ocrx_word' id='word_1_292' title='bbox 1066 3647 1181 3728; x_wconf 89' lang='lat' dir='ltr'><strong>incipit</strong></span> <span class='ocrx_word' id='word_1_293' title='bbox 1196 3647 1256 3712; x_wconf 85' lang='lat' dir='ltr'><strong>sul</strong></span> <span class='ocrx_word' id='word_1_294' title='bbox 1266 3645 1466 3727; x_wconf 88' lang='lat' dir='ltr'><strong>praescripto</strong></span> 
     </span>
    </p>
   </div>
   <div class='ocr_carea' id='block_1_8' title="bbox 269 3737 1469 4437">
    <p class='ocr_par' dir='ltr' id='par_1_12' title="bbox 324 3737 1468 4267">
     <span class='ocr_line' id='line_1_38' title="bbox 324 3737 1467 3836; baseline 0.003 -21"><span class='ocrx_word' id='word_1_295' title='bbox 324 3748 399 3815; x_wconf 83' lang='lat' dir='ltr'><strong>lico:</strong></span> <span class='ocrx_word' id='word_1_296' title='bbox 419 3750 453 3813; x_wconf 93' lang='lat' dir='ltr'><strong>in</strong></span> <span class='ocrx_word' id='word_1_297' title='bbox 476 3772 500 3814; x_wconf 90' lang='lat' dir='ltr'><strong>s.</strong></span> <span class='ocrx_word' id='word_1_298' title='bbox 525 3749 670 3816; x_wconf 88' lang='lat' dir='ltr'><strong>Severini</strong></span> <span class='ocrx_word' id='word_1_299' title='bbox 690 3737 728 3815; x_wconf 63' lang='lat' dir='ltr'><strong>cf</strong></span> <span class='ocrx_word' id='word_1_300' title='bbox 746 3751 860 3836; x_wconf 89' lang='lat' dir='ltr'><strong>incipit</strong></span> <span class='ocrx_word' id='word_1_301' title='bbox 882 3752 974 3836; x_wconf 92' lang='lat' dir='ltr'><strong>prolo</strong></span> <span class='ocrx_word' id='word_1_302' title='bbox 1021 3771 1036 3814; x_wconf 91' lang='lat' dir='ltr'><strong>s</strong></span> <span class='ocrx_word' id='word_1_303' title='bbox 1060 3748 1101 3814; x_wconf 90' lang='lat' dir='ltr'><strong>dc</strong></span> <span class='ocrx_word' id='word_1_304' title='bbox 1123 3751 1192 3814; x_wconf 82' lang='lat' dir='ltr'><strong>vita</strong></span> <span class='ocrx_word' id='word_1_305' title='bbox 1213 3750 1304 3814; x_wconf 82' lang='lat' dir='ltr'><strong>beati</strong></span> <span class='ocrx_word' id='word_1_306' title='bbox 1319 3748 1467 3818; x_wconf 88' lang='lat' dir='ltr'><strong>Severini</strong></span> 
     </span>
     <span class='ocr_line' id='line_1_39' title="bbox 325 3835 1467 3920; baseline -0.002 -19"><span class='ocrx_word' id='word_1_307' title='bbox 325 3836 501 3901; x_wconf 88' lang='lat' dir='ltr'><strong>confessori</strong></span> <span class='ocrx_word' id='word_1_308' title='bbox 523 3837 598 3920; x_wconf 88' lang='lat' dir='ltr'><strong>(sic)</strong></span> <span class='ocrx_word' id='word_1_309' title='bbox 627 3859 649 3902; x_wconf 89' lang='lat' dir='ltr'><strong>a</strong></span> <span class='ocrx_word' id='word_1_310' title='bbox 671 3836 844 3902; x_wconf 80' lang='lat' dir='ltr'><strong>Paschasii</strong></span> <span class='ocrx_word' id='word_1_311' title='bbox 872 3838 976 3918; x_wconf 87' lang='lat' dir='ltr'><strong>epistu</strong></span> <span class='ocrx_word' id='word_1_312' title='bbox 1036 3836 1171 3918; x_wconf 80' lang='lat' dir='ltr'><strong>scripto,</strong></span> <span class='ocrx_word' id='word_1_313' title='bbox 1198 3841 1237 3899; x_wconf 93' lang='lat' dir='ltr'><strong>ut</strong></span> <span class='ocrx_word' id='word_1_314' title='bbox 1264 3837 1316 3900; x_wconf 81' lang='lat' dir='ltr'><strong>liic</strong></span> <span class='ocrx_word' id='word_1_315' title='bbox 1342 3835 1467 3919; x_wconf 83' lang='lat' dir='ltr'><strong>lepitur,</strong></span> 
     </span>
     <span class='ocr_line' id='line_1_40' title="bbox 324 3922 1466 4010; baseline -0.001 -23"><span class='ocrx_word' id='word_1_316' title='bbox 324 3923 486 4008; x_wconf 82' lang='lat' dir='ltr'><strong>Eugenio.</strong></span> <span class='ocrx_word' id='word_1_317' title='bbox 530 3922 767 4004; x_wconf 83' lang='lat' dir='ltr'><strong>Subscriptum:</strong></span> <span class='ocrx_word' id='word_1_318' title='bbox 797 3925 933 4009; x_wconf 87' lang='lat' dir='ltr'><strong>explicit</strong></span> <span class='ocrx_word' id='word_1_319' title='bbox 954 3924 1124 4010; x_wconf 85' lang='lat' dir='ltr'><strong>prologus,</strong></span> <span class='ocrx_word' id='word_1_320' title='bbox 1152 3923 1264 4008; x_wconf 92' lang='lat' dir='ltr'><strong>incipit</strong></span> <span class='ocrx_word' id='word_1_321' title='bbox 1290 3924 1359 3988; x_wconf 81' lang='lat' dir='ltr'><strong>vita</strong></span> <span class='ocrx_word' id='word_1_322' title='bbox 1387 3923 1466 3987; x_wconf 87' lang='lat' dir='ltr'><strong>cius.</strong></span> 
     </span>
     <span class='ocr_line' id='line_1_41' title="bbox 324 4009 1467 4093; baseline -0.002 -19"><span class='ocrx_word' id='word_1_323' title='bbox 324 4009 421 4074; x_wconf 84' lang='lat' dir='ltr'><strong>Finit</strong></span> <span class='ocrx_word' id='word_1_324' title='bbox 449 4010 527 4074; x_wconf 83' lang='lat' dir='ltr'><strong>liter</strong></span> <span class='ocrx_word' id='word_1_325' title='bbox 554 4010 1018 4093; x_wconf 81' lang='lat' dir='ltr'><strong>mutilus32,17ridiculam</strong></span> <span class='ocrx_word' id='word_1_326' title='bbox 1046 4011 1236 4074; x_wconf 78' lang='lat' dir='ltr'><strong>uanitatem.</strong></span> <span class='ocrx_word' id='word_1_327' title='bbox 1280 4009 1337 4074; x_wconf 82' lang='lat' dir='ltr'><strong>Ao</strong></span> <span class='ocrx_word' id='word_1_328' title='bbox 1364 4029 1467 4073; x_wconf 92' lang='lat' dir='ltr'><strong>unum</strong></span> 
     </span>
     <span class='ocr_line' id='line_1_42' title="bbox 324 4093 1468 4177; baseline -0.002 -15"><span class='ocrx_word' id='word_1_329' title='bbox 324 4095 427 4162; x_wconf 91' lang='lat' dir='ltr'><strong>locum</strong></span> <span class='ocrx_word' id='word_1_330' title='bbox 458 4095 639 4177; x_wconf 84' lang='lat' dir='ltr'><strong>speciminis</strong></span> <span class='ocrx_word' id='word_1_331' title='bbox 667 4101 718 4174; x_wconf 89' lang='lat'><strong>11,</strong></span> <span class='ocrx_word' id='word_1_332' title='bbox 739 4099 893 4176; x_wconf 84' lang='lat'><strong><em>1-12,1</em></strong></span> <span class='ocrx_word' id='word_1_333' title='bbox 923 4097 1040 4162; x_wconf 69' lang='lat' dir='ltr'><strong>limum</strong></span> <span class='ocrx_word' id='word_1_334' title='bbox 1068 4093 1245 4160; x_wconf 86' lang='lat' dir='ltr'><strong>attulimus.</strong></span> <span class='ocrx_word' id='word_1_335' title='bbox 1304 4095 1468 4176; x_wconf 85' lang='lat' dir='ltr'><strong>Speeimen</strong></span> 
     </span>
     <span class='ocr_line' id='line_1_43' title="bbox 324 4183 601 4267; baseline 0.004 -20"><span class='ocrx_word' id='word_1_336' title='bbox 324 4183 461 4267; x_wconf 90' lang='lat' dir='ltr'><strong>sumpsit</strong></span> <span class='ocrx_word' id='word_1_337' title='bbox 482 4183 601 4248; x_wconf 78' lang='lat' dir='ltr'><strong>Lucem.</strong></span> 
     </span>
    </p>

    <p class='ocr_par' dir='ltr' id='par_1_13' title="bbox 269 4265 1469 4437">
     <span class='ocr_line' id='line_1_44' title="bbox 269 4265 1468 4352; baseline -0.003 -18"><span class='ocrx_word' id='word_1_338' title='bbox 269 4296 287 4342; x_wconf 78' lang='lat'><strong><em>4</em></strong></span> <span class='ocrx_word' id='word_1_339' title='bbox 416 4268 585 4334; x_wconf 85' lang='lat' dir='ltr'><strong>Romanus</strong></span> <span class='ocrx_word' id='word_1_340' title='bbox 613 4267 852 4334; x_wconf 87' lang='lat' dir='ltr'><strong>Vallicellianus</strong></span> <span class='ocrx_word' id='word_1_341' title='bbox 873 4269 938 4334; x_wconf 86' lang='lat' dir='ltr'><strong>III</strong></span> <span class='ocrx_word' id='word_1_342' title='bbox 960 4288 1040 4333; x_wconf 87' lang='lat' dir='ltr'><strong>saec.</strong></span> <span class='ocrx_word' id='word_1_343' title='bbox 1060 4268 1121 4332; x_wconf 88' lang='lat' dir='ltr'><strong>XI</strong></span> <span class='ocrx_word' id='word_1_344' title='bbox 1138 4265 1169 4352; x_wconf 95' lang='grc'><em>1.</em></span> <span class='ocrx_word' id='word_1_345' title='bbox 1185 4269 1227 4331; x_wconf 82' lang='grc'><strong>84</strong></span> <span class='ocrx_word' id='word_1_346' title='bbox 1240 4289 1302 4349; x_wconf 84' lang='lat' dir='ltr'><strong>seq.</strong></span> <span class='ocrx_word' id='word_1_347' title='bbox 1329 4268 1468 4348; x_wconf 69' lang='lat' dir='ltr'><strong>seruitus</strong></span> 
     </span>
     <span class='ocr_line' id='line_1_45' title="bbox 322 4353 1469 4437; baseline -0.003 -16"><span class='ocrx_word' id='word_1_348' title='bbox 322 4355 430 4421; x_wconf 82' lang='lat' dir='ltr'><strong>eaolom</strong></span> <span class='ocrx_word' id='word_1_349' title='bbox 456 4355 640 4421; x_wconf 86' lang='lat' dir='ltr'><strong>litteratura</strong></span> <span class='ocrx_word' id='word_1_350' title='bbox 669 4360 763 4437; x_wconf 80' lang='lat' dir='ltr'><strong>atque</strong></span> <span class='ocrx_word' id='word_1_351' title='bbox 789 4355 955 4422; x_wconf 78' lang='lat' dir='ltr'><strong>Casinates</strong></span> <span class='ocrx_word' id='word_1_352' title='bbox 976 4359 1006 4420; x_wconf 88' lang='lat' dir='ltr'><strong>et</strong></span> <span class='ocrx_word' id='word_1_353' title='bbox 1026 4353 1243 4435; x_wconf 85' lang='lat' dir='ltr'><strong>Neapolitani.</strong></span> <span class='ocrx_word' id='word_1_354' title='bbox 1288 4354 1356 4420; x_wconf 78' lang='lat' dir='ltr'><strong>Suo</strong></span> <span class='ocrx_word' id='word_1_355' title='bbox 1371 4374 1469 4434; x_wconf 86' lang='lat' dir='ltr'><strong>prcc-</strong></span> 
     </span>
    </p>
   </div>
   <div class='ocr_carea' id='block_1_9' title="bbox 0 0 1698 5142">
    <p class='ocr_par' dir='ltr' id='par_1_14' title="bbox 0 0 1698 5142">
     <span class='ocr_line' id='line_1_46' title="bbox 0 0 1698 5142; baseline 0 0"><span class='ocrx_word' id='word_1_356' title='bbox 0 0 1698 5142; x_wconf 95' lang='lat' dir='ltr'><strong> </strong></span> 
     </span>
    </p>
   </div>
  </div>
 </body>
</html>
