3384 5142
528 429 883 482 COMMEMORATORIVM
899 446 922 483 c.
931 427 1042 483 22-24.
1316 428 1352 484 33

217 600 260 666 ad
281 599 423 666 eundem
448 599 556 666 locum
572 599 814 685 confugientem
833 601 1045 686 insequentes
1060 600 1190 667 barbari
1202 621 1352 687 pereme-

219 692 307 753 runt.
351 687 473 752 frustra
506 686 594 751 enim
620 686 699 751 illuc
722 687 848 753 offenso
871 687 936 753 dec
954 688 1104 753 ueritatis
1124 688 1278 754 inimicus
1297 708 1352 753 ac·

220 774 332 850 cessit,
354 773 413 838 ubi
435 778 502 838 tam
524 772 732 860 impudenter
752 780 953 838 excesserat.

309 858 441 924 XXIII.
471 857 578 944 Igitur
607 859 830 924 sanctissimus
859 859 1046 940 Seuerinns,
1073 858 1150 924 dum
1179 860 1213 924 in
1239 863 1388 927 mona-t

185 974 197 1013 r
222 946 325 1011 sterio
347 945 504 1011 Fauianis
528 946 736 1030 euangelium
757 947 894 1031 legeret,
925 945 1071 1011 oratione
1101 947 1253 1032 suppleta
1274 968 1353 1014 con-

221 1052 363 1118 surgens
386 1031 508 1097 scalam
532 1030 595 1096 sibi
616 1030 709 1097 iubet
723 1032 796 1098 ilico
815 1031 1002 1118 praeparari
1024 1036 1058 1096 et
1078 1032 1271 1099 mirantibus
1292 1035 1352 1098 ait:

219 1119 277 1184 ‘sit
300 1138 420 1183 nomen
442 1118 562 1182 domini
582 1117 805 1184 benedictum:
829 1118 1020 1184 sanctuariis
1034 1116 1206 1183 beatorum
1226 1126 1352 1206 marty·

217 1207 299 1270 ‘rum
325 1225 385 1269 nos
408 1209 535 1290 oportet
558 1203 749 1270 occurrere’.
786 1225 847 1270 nec
868 1224 961 1270 mora
986 1209 1186 1270 transmeato
1201 1205 1352 1271 Danuuio

218 1289 392 1355 inueniunt
418 1291 584 1355 hominem
613 1289 836 1357 considentem
864 1291 899 1355 in
927 1292 997 1377 ripa
1028 1291 1184 1357 ulteriore
1214 1293 1353 1357 fluminis

174 1403 201 1443 ro
220 1398 261 1442 ac
284 1376 396 1440 multis
419 1397 475 1442 eos
521 1375 651 1441 necibus
674 1378 905 1476 postulantem,
933 1384 971 1442 nt
997 1375 1039 1442 ad
1066 1397 1197 1442 sernum
1219 1377 1281 1460 dei,
1310 1377 1353 1443 ad

218 1483 333 1613 lua
349 1399 719 1614 froilam
738 1461 1232 1615 ”attrectatae
1248 1467 1392 1616 aad

219 1569 378 1700 lodannis
409 1634 581 1722 Baptistae
611 1635 765 1721 reliquias
794 1636 913 1722 optulit
940 1636 1051 1700 multis
1061 1570 1160 1721 lblbud
1182 1658 1218 1702 ae
1241 1656 1352 1702 serna-

219 1725 275 1785 tas
298 1722 518 1807 temporibus,
557 1742 639 1806 quas
667 1720 721 1786 dei
742 1743 859 1786 seruus
881 1720 993 1786 debita
1013 1723 1227 1788 ueneratione
1248 1723 1351 1788 anaci-

173 1833 199 1872 ιι
245 1807 317 1872 iens
340 1806 513 1874 basilicam
536 1807 640 1872 sancti
661 1806 827 1885 Iohannis,
851 1808 935 1873 sicut
956 1806 1174 1895 praedixerat,
1203 1810 1352 1875 ultronea

220 1829 451 1959 benedictione
475 1894 595 1958 collata
618 1894 760 1959 sacrauit
782 1893 890 1958 officio
913 1893 1129 1958 sacerdotum.

305 1978 452 2045 XXIIII.
477 1979 531 2043 Ad
552 1978 753 2045 habitatores
777 1986 956 2066 praeterea·
974 1978 1095 2067 oppidi,
1118 1980 1204 2065 qnod
1218 1978 1350 2046 Ioviaoo
1371 1985 1386 2044 1
1458 2011 1464 2022 ·

218 2064 410 2147 uocabatur,
434 2066 550 2151 uiginti
573 2071 607 2131 et
629 2065 768 2152 amplius
791 2087 812 2130 a
832 2065 970 2130 Batanis
992 2065 1124 2131 milibus
1140 2066 1350 2152 disparatum,

219 2153 319 2216 solita
346 2153 399 2217 uir
428 2151 482 2217 dei
507 2152 711 2218 reuelatione
738 2153 953 2217 commonitus
979 2151 1186 2217 Moderatum
1219 2153 1350 2218 nomine

172 2264 200 2305 ro
219 2242 387 2303 cantorem
417 2239 575 2304 ccclesiae
603 2239 778 2304 destinauit
807 2239 1027 2325 praecipiens,
1054 2243 1091 2302 ut
1116 2238 1351 2304 habitationem

218 2322 282 2388 loci
310 2324 399 2389 illins
428 2345 540 2389 omnes
569 2325 639 2390 sine
669 2325 876 2390 cunctatione
898 2325 1135 2411 relinquerent:
1161 2345 1241 2388 mox
1263 2326 1350 2390 enim

218 2410 384 2495 perituros
400 2411 480 2490 lore,
505 2411 533 2474 si
547 2416 795 2476 contemnerent
808 2412 978 2497 imperata.
1017 2411 1090 2475 aliis
1107 2433 1185 2496 ergo
1202 2410 1349 2476 detento
1371 2413 1391 2474 2

220 2496 395 2581 praesagio
419 2496 653 2578 dubitantibus,
677 2498 749 2561 aliis
772 2517 905 2583 prorsus
927 2519 992 2562 non
1008 2495 1217 2562 credentibus
1231 2498 1349 2562 iterum

216 2581 309 2645 misit
325 2579 599 2654 Quintanensinm
622 2583 794 2668 quendam,
817 2585 870 2649 oui
886 2589 920 2648 et
934 2584 1142 2648 inlacrimans
1156 2584 1215 2648 ait:
1238 2587 1350 2669 ‘perge

174 2694 200 2736 aa
220 2667 394 2746 ‘uelocius,
424 2667 618 2733 denuntians
650 2669 710 2733 eis:
745 2670 773 2734 si
800 2668 863 2734 hac
891 2669 1013 2734 ibidem
1034 2676 1131 2735 nocte
1159 2669 1349 2749 manserint,

219 2753 301 2818 ‘sine
333 2753 490 2819 dilatione
526 2754 718 2841 capientnr’.
769 2762 917 2820 sanctum
950 2775 1078 2841 quoque
1112 2754 1349 2820 Maximianum

219 2839 376 2923 spiritalis
410 2841 499 2906 uitae
530 2840 757 2927 presbyterum
795 2842 970 2907 instantius
998 2842 1138 2927 imperat
1170 2841 1349 2920 admoneri,

128 2928 132 2938 '
217 2931 255 2989 ut
279 2925 396 2991 saltem
419 2927 491 3013 ipse
515 2932 641 2993 contem
666 2927 789 2993 toribus
811 2928 976 2993 derelictis
998 2933 1191 3014 properaret
1213 2928 1350 2994 caelesti

220 3011 450 3078 misericordia
471 3013 618 3079 liberari:
642 2949 684 3080 de
707 3034 770 3099 quo
792 3012 856 3078 sibi
869 3013 923 3079 dei
937 3014 1078 3080 famulus
1091 3035 1244 3100 magnam
1259 3014 1347 3080 dice-

299 3227 415 3295 rano
440 3227 459 3295 ).
477 3226 664 3296 rrmnsn).
682 3227 879 3320 meraca).
895 3224 1012 3293 nom·
1020 3227 1137 3295 aaa).

215 3505 223 3518 ι
303 3433 510 3504 loonfngientes
522 3435 598 3502 1³6⁸,
616 3433 835 3519 coniugentemfl·
916 3432 1117 3504 3impndonter]
1131 3433 1347 3518 conserano,

212 3503 1348 3693 <,>„,i·¹¹

209 3643 317 3777 dabas]
332 3643 578 3766 multllm&
587 3641 1022 3779 Kodanrffladssa'd'dlhmrb
1031 3643 1148 3765 bledda
1164 3711 1199 3794 a,
1212 3712 1246 3794 jn
1261 3643 1348 3763 alh

210 3778 403 3902 &3¹3de
416 3849 444 3914 d,
455 3780 611 3916 lidbldnndtae
628 3782 935 3917 ddhldddtb'di’iuedandss
940 3777 1348 3922 {prefflwnlgdrgffiffi

210 3917 327 3970 intrando
344 3919 420 3983 dicta,
439 3920 484 3972 sed
500 3921 575 3973 modo
592 3921 656 3974 urbs
673 3919 755 3985 salis),
776 3922 873 3972 innano
885 3919 921 3970 B·
952 3920 1022 3986 iopia
1033 3915 1099 3984 ΒΜ,
1115 3918 1251 3971 lubianum
1268 3919 1348 3971 corice

211 3986 336 4054 maone
405 3983 438 4039 ra
455 3989 644 4042 nemarcos
694 3986 797 4057 nnnc]
815 3959 1027 4054 macana),
1046 3987 1137 4040 can
1183 3985 1303 4057 amplius]
1316 4005 1346 4041 00

211 4056 285 4140 adi
339 4056 445 4110 butadis
456 4057 561 4140 vtdead
566 4075 597 4124 p.
609 4060 676 4124 8,34
734 4056 912 4178 {peratolht
930 4057 1151 4124 separarentur
1195 4055 1254 4140 ,20
1271 4058 1347 4109 desti

211 4126 289 4210 nabrt
308 4124 333 4178 L
419 4123 451 4178 21
475 4141 544 4209 emm
568 4126 668 4209 aad(
806 4128 891 4180 forent
913 4124 944 4176 N
991 4195 998 4210 ι
1030 4123 1065 4178 23
1085 4124 1229 4209 praecogno]
1253 4126 1277 4179 1.
1291 4126 1347 4193 SR,

212 4203 306 4347 auu
322 4195 373 4318 t,
390 4192 715 4348 ,chamut-d
734 4194 765 4246 Κ
781 4196 1347 4332 amdam

210 4333 389 4470 ttlhltl,
404 4329 604 4470 ffitt'jtl
623 4330 1347 4470 Ldlaffilirffiffllffi

263 4490 410 4542 Ernnrrrs.
1173 4485 1191 4540 3
