3384 5142
328 394 367 449 VI
495 390 716 448 Paoourssvu
733 389 783 448 AD
800 388 964 446 EVGIPPII
981 386 1102 443 vm
1119 387 1299 444 savuama

329 566 439 631 stabat
453 561 634 652 imperium’
650 567 763 628 auctor
776 562 825 626 ait
838 565 891 640 31,
903 564 949 645 3),
964 563 1020 628 sed
1033 561 1148 627 limitis
1156 561 1332 644 praeaiaia,
1348 566 1386 626 ut
1400 560 1472 625 Ba-

329 653 413 717 tavis
432 652 498 736 (31,
512 653 547 736 6)
569 655 599 716 et
620 648 779 714 Furianis
800 648 951 733 (14,1o),
977 647 1090 730 pauca
1114 668 1148 713 ev
1178 653 1315 729 tempore
1341 669 1469 714 reman-

329 743 439 802 serant
460 736 596 802 curetas
609 735 771 818 plerisque
792 735 860 798 iam
874 735 1014 802 desertis.
1058 734 1217 799 Faviana
1238 735 1326 799 etin
1347 735 1469 800 onmia

328 825 410 889 cives
442 823 583 889 Romani
615 821 782 888 nmuwrii
808 821 891 902 facti
920 823 1003 903 reaia
1029 821 1196 903 Ruvmum
1224 842 1242 885 e
1275 821 1400 903 revince
1432 823 1469 886 iu

328 908 476 975 Danmn'i
486 911 572 991 'riva
592 909 726 972 anatra
741 907 978 973 cnamteutium
992 909 1059 992 (39,
1071 906 1124 972 25.
1148 905 1263 985 14,15.
1286 909 1339 985 49,
1353 909 1391 985 4)
1408 928 1472 989 per

330 995 394 1082 hos,
407 1017 430 1061 a
449 995 581 1078 reliquis
594 995 740 1060 barbaris
753 1014 818 1058 sese
834 994 1034 1059 tutabantur.
1070 993 1117 1058 At
1133 991 1231 1058 Gotlti
1252 1013 1292 1058 ea
1312 993 1466 1075 inferiore

331 1081 504 1148 Pannonia
525 1082 562 1147 in
575 1081 730 1147 Noricum
750 1081 885 1163 inaressi
899 1080 1009 1162 Ruavs
1030 1080 1217 1163 impediunt,
1237 1081 1410 1160 quominus
1431 1081 1469 1145 iu

328 1168 462 1233 Italiam
476 1173 615 1251 pacavit
633 1168 700 1251 (16,
713 1168 757 1231 26
767 1187 829 1248 seq.
852 1164 896 1250 cf.
913 1169 964 1245 18,
975 1168 1034 1250 24)
1056 1171 1086 1231 et
1102 1166 1263 1231 Teurniac
1278 1167 1469 1247 provinciae

329 1253 491 1337 metropoli
511 1255 676 1320 imminent
697 1253 764 1335 (29,
776 1253 830 1336 8);
851 1253 888 1316 in
910 1252 1030 1318 Raetia
1051 1251 1280 1318 Alamannici
1301 1253 1469 1334 Quintana

327 1337 558 1424 comedimctur
579 1339 647 1423 (35,
659 1339 717 1423 16)
738 1344 769 1404 et
789 1337 921 1403 Batava
942 1340 1011 1422 (30,
1021 1341 1074 1421 3);
1100 1360 1170 1404 uria
1195 1359 1268 1404 cum
1294 1340 1339 1403 iia
1365 1341 1468 1405 nomi·

328 1433 452 1492 uantur
473 1425 590 1491 Heruli
611 1427 679 1509 (34,
691 1427 726 1503 6)
748 1430 779 1490 ct
796 1425 961 1508 flliumnqi
982 1427 1049 1509 (36,
1061 1424 1092 1490 5.
1113 1427 1246 1507 46,13).
1291 1425 1468 1506 Propterea

328 1515 485 1596 emivraut
505 1513 650 1578 uernum
681 1512 749 1592 urso
778 1509 925 1577 Severum
957 1511 1071 1592 orariola
1101 1532 1160 1576 suo
1192 1510 1301 1576 relicto
1331 1512 1467 1594 Quinta·

327 1621 440 1665 nenses
460 1598 592 1664 Batava
612 1597 938 1683 (35,12),'Batavini
951 1597 1152 1662 Lauriacum
1173 1600 1241 1680 (36,
1253 1598 1298 1681 9),
1322 1598 1468 1664 Laurm

327 1707 432 1751 cernei
452 1686 604 1751 Favimm
625 1685 692 1767 (46,
703 1686 771 1766 27).
816 1682 964 1765 Diuinae
985 1684 1108 1766 alvvuot
1121 1684 1220 1748 aunis
1233 1689 1310 1764 post
1325 1683 1468 1750 Severim

327 1773 448 1837 obitum
473 1771 636 1838 Ociovacar
658 1790 692 1835 ev
713 1776 848 1851 tempore
868 1791 927 1835 rea
950 1770 1067 1836 ltaliae
1081 1775 1215 1851 propter
1236 1771 1381 1838 iniuriae
1398 1771 1464 1837 Ro·

328 1859 435 1923 manis
460 1857 527 1923 illis
553 1857 810 1923 Favimunsibus
836 1855 946 1921 illatae
975 1857 1204 1941 capuanum
1235 1858 1376 1939 auscmit
1406 1858 1467 1922 aa·

327 1965 436 2009 versus
450 1944 559 2028 Ruavr
575 1943 890 2021 Transdanuvinam,
905 1943 961 2008 sed
982 1964 1055 2008 cum
1075 1963 1109 2008 se
1129 1942 1196 2007 tior
1216 1949 1298 2009 recte
1319 1945 1466 2009 tutandis

328 2031 482 2111 imparem
507 2051 572 2095 esse
601 2030 763 2107 seruaret,
788 2049 850 2109 per
875 2029 1011 2110 fratrem
1038 2028 1238 2110 Honoulfum
1265 2035 1296 2113 et
1325 2031 1467 2095 comitem

327 2116 474 2182 Pieriam
500 2116 648 2199 (eundem
674 2115 794 2196 quiin
821 2115 956 2182 Italiam
982 2136 1125 2180 revcrais
1151 2116 1189 2180 in
1206 2115 1331 2197 proelio
1353 2117 1467 2182 cecidit

327 2224 358 2268 a·
374 2204 439 2266 496
459 2201 507 2268 vel
526 2205 592 2266 491
614 2202 744 2267 tesiam
766 2201 988 2266 consularibus
1001 2201 1130 2267 Italicis
1143 2203 1252 2270 cliron.
1267 2204 1346 2268 min.
1368 2202 1427 2271 vol.
1448 2207 1468 2268 1

324 2310 358 2370 p.
374 2292 449 2354 316.
472 2290 551 2373 319)
583 2309 634 2354 eos
665 2288 829 2352 universos
860 2289 897 2387 in
930 2287 1063 2353 Italiam
1095 2289 1251 2370 transfert
1283 2290 1405 2371 vtique·
1420 2290 1467 2354 cic

327 2375 757 2542 vimmacum
771 2373 925 2524 ((3.
941 2373 1337 2542 miiaiin
1346 2375 1468 2528 tm

327 2568 445 2700 reachrroio
453 2548 550 2700 olescit
574 2548 745 2644 nnpnatvr
774 2546 860 2612 Zeno
886 2552 916 2611 ct
942 2548 1036 2612 iussu
1062 2548 1132 2612 eius
1155 2547 1385 2628 Pleminium
1410 2550 1467 2615 sed

328 2655 367 2699 ca
496 2654 531 2699 co
551 2653 616 2698 nvn
631 2653 867 2714 versmuemur.

416 2721 472 2786 Aa
497 2725 637 2801 tempora
663 2719 749 2801 quod
777 2719 906 2797 attinet,
930 2724 1006 2802 post
1031 2719 1154 2785 Attilae
1180 2720 1300 2786 vntum
1326 2721 1365 2804 (†
1385 2719 1466 2807 453)

330 2807 501 2872 Serninus
520 2807 557 2871 in
582 2805 738 2870 Noricum
752 2806 898 2887 pemmit
919 2806 987 2890 (11,
1002 2805 1048 2889 5).
1093 2807 1187 2872 Adiit
1216 2827 1288 2871 eum
1314 2806 1361 2870 ibi
1385 2805 1467 2873 Odo-

329 2913 426 2957 oacar
453 2892 558 2958 adluc
577 2893 731 2972 privatus
756 2893 915 2975 (18,26),
941 2892 978 2956 ia
1004 2897 1050 2957 est
1079 2899 1154 2958 aute
1174 2913 1206 2958 a.
1221 2895 1303 2971 476,
1332 2912 1395 2974 quo
1416 2893 1469 2959 elie

330 2979 414 3062 Aua.
429 2982 474 3045 23
495 3000 553 3044 ren
569 2977 685 3063 factus
706 2983 761 3056 est,
783 2978 947 3060 eoderrrque
962 2983 1105 3059 tempore,
1120 2979 1240 3046 scvlmet
1254 2999 1344 3044 caeso
1363 2978 1470 3046 Oreste

330 3085 416 3130 amic
438 3065 551 3143 eodem,
573 3065 659 3130 venit
679 3065 724 3128 aa
744 3063 927 3130 Severinum
949 3063 1135 3131 Rimenius
1156 3087 1196 3132 cic
1217 3064 1321 3133 Italia
1343 3065 1471 3148 tuamne

330 3152 377 3235 (3,
391 3153 461 3237 22).
498 3149 690 3216 Odovacaria
702 3151 784 3232 roais
795 3149 883 3236 facti
896 3151 1049 3234 mutulae
1069 3153 1115 3217 aa
1128 3153 1315 3218 Severinum
1333 3153 1472 3234 sanotae

329 3237 410 3303 alibi
431 3238 498 3323 (41,
511 3237 577 3321 314)
599 3238 713 3324 mentio
735 3238 782 3318 fit.
828 3237 973 3303 Severini
994 3238 1099 3303 obitus
1119 3239 1203 3304 diem
1217 3240 1293 3305 lau.
1309 3240 1331 3302 8
1345 3238 1469 3322 livora-

324 3323 413 3405 ptus
430 3325 523 3404 poni
537 3324 605 3406 (51,
615 3327 684 3404 26),
700 3343 823 3388 minum
836 3343 902 3388 uon
916 3325 1072 3404 enuntiat,
1094 3326 1150 3390 sed
1166 3326 1278 3391 obierit
1291 3345 1414 3390 necesse
1425 3332 1471 3390 est

331 3432 359 3477 c.
370 3431 403 3477 a.
414 3413 489 3478 482.
525 3430 602 3474 nam
615 3410 700 3491 quod
713 3409 811 3490 refert
821 3409 1005 3492 Euaipmm
1019 3409 1174 3496 5219120
1189 3412 1227 3477 ‹le
1241 3411 1317 3477 bella
1332 3411 1372 3476 ab
1388 3410 1469 3478 occ

331 3517 444 3561 vacare
459 3496 563 3580 Ruyis
579 3495 690 3574 inlito,
705 3496 741 3560 iri
753 3495 862 3576 fusius
876 3502 1032 3561 enarrant
1045 3496 1265 3564 chronicorum
1279 3496 1471 3563 Italicormn

331 3581 485 3664 reliquiae
499 3586 596 3668 (quas
609 3583 839 3663 composuimus
854 3583 959 3647 cirron.
973 3584 1051 3648 min.
1063 3582 1120 3650 vol.
1134 3589 1199 3666 110.
1209 3587 1282 3649 312.
1300 3586 1374 3648 313.
1388 3583 1471 3662 315)

330 3670 378 3734 aie
389 3670 447 3734 sub
458 3690 488 3736 a.
500 3673 565 3734 487
570 3690 582 3732 .·
603 3664 714 3734 chva
729 3688 790 3734 rex
800 3668 969 3754 Rugorum
981 3669 1154 3735 advorsum
1168 3691 1283 3756 regem
1294 3668 1469 3735 Erulorum
1517 3713 1526 3730 .

332 3754 538 3822 Odoachrcm
552 3755 675 3820 bellum
690 3760 810 3820 moret.
846 3753 999 3821 collectis
1022 3759 1123 3843 copiis
1145 3758 1187 3823 ab
1208 3763 1346 3842 utroque
1371 3777 1470 3822 exer-

330 3843 398 3907 citu
419 3863 516 3929 supra
537 3841 721 3907 Danuvium
744 3862 874 3906 amnem
895 3863 1005 3928 pugna
1026 3844 1133 3908 initur.
1177 3842 1281 3908 Multa
1304 3845 1468 3908 exercitus

330 3929 527 3994 cadaverum
559 3934 685 4014 strages
714 3925 854 4016 [caedes]
881 3935 1081 3995 coacervata.
1127 3929 1194 3995 Sed
1228 3951 1302 3996 cum
1329 3930 1395 3994 iam
1426 3931 1468 3996 ab

331 4021 470 4102 utroque
499 4035 578 4100 rege
609 4035 729 4102 anceps
754 4015 890 4080 victoria
917 4021 1160 4101 expectaretur,
1182 4015 1294 4083 Parra
1323 4016 1470 4082 deuotus

332 4102 464 4168 tandem
493 4109 528 4167 et
552 4103 645 4167 vivus
674 4106 787 4188 captus
816 4123 856 4167 ac
887 4100 1050 4167 Odoachri
1077 4103 1224 4185 oblatus,
1254 4123 1352 4191 quom
1381 4105 1470 4168 ritae

331 4194 533 4255 reservatum
565 4187 738 4254 Odoachar
764 4189 797 4252 in
823 4188 952 4254 Italiam
983 4209 1094 4254 aecum
1124 4192 1267 4256 vinctum
1298 4190 1469 4276 pertrahit.

334 4275 519 4362 Pugnatum
542 4281 592 4340 cst
615 4295 712 4361 supra
733 4275 917 4340 Danuvium
940 4296 1013 4341 cum
1028 4275 1140 4342 Ferva
1167 4283 1202 4343 ct
1223 4277 1276 4342 Ru
1301 4277 1327 4340 's
1351 4275 1416 4341 XV
1437 4277 1470 4342 k.

329 4363 411 4447 Ian,
434 4362 489 4441 vel,
511 4367 549 4428 ut
566 4368 713 4443 meante
727 4361 795 4426 alia
809 4361 932 4441 labent,
947 4362 1085 4428 adduxit
1100 4366 1263 4450 captivum
1309 4382 1471 4428 cvranum
